{
  "page": 3,
  "content": [
    {
      "uuid": "f1c65051-124f-4e0c-a857-49caf518ad65",
      "id": "561777579",
      "region": "Asia",
      "country": "Laos",
      "item_type": "Vegetables",
      "sales_channel": "Offline",
      "priority": "L",
      "date": "12/12/2010",
      "ship_date": "12/21/2010",
      "units_sold": 1325,
      "unit_price": 154.06,
      "unit_cost": 90.93,
      "total_revenue": 204129.5,
      "total_cost": 120482.25,
      "total_profit": 83647.25,
      "links": {
        "self": "https://kata-espublicotech.g3stiona.com:443/v1/orders/f1c65051-124f-4e0c-a857-49caf518ad65"
      }
    },
    {
      "uuid": "781fef36-0e98-4908-bc51-aa0349e8a921",
      "id": "761942040",
      "region": "Asia",
      "country": "Sri Lanka",
      "item_type": "Snacks",
      "sales_channel": "Online",
      "priority": "C",
      "date": "12/26/2014",
      "ship_date": "1/22/2015",
      "units_sold": 4437,
      "unit_price": 152.58,
      "unit_cost": 97.44,
      "total_revenue": 676997.46,
      "total_cost": 432341.28,
      "total_profit": 244656.18,
      "links": {
        "self": "https://kata-espublicotech.g3stiona.com:443/v1/orders/781fef36-0e98-4908-bc51-aa0349e8a921"
      }
    },
    {
      "uuid": "93e5a2b2-3de0-4bf1-9de9-73219e796f72",
      "id": "677299678",
      "region": "Europe",
      "country": "Portugal",
      "item_type": "Fruits",
      "sales_channel": "Offline",
      "priority": "M",
      "date": "6/13/2015",
      "ship_date": "6/16/2015",
      "units_sold": 6881,
      "unit_price": 9.33,
      "unit_cost": 6.92,
      "total_revenue": 64199.73,
      "total_cost": 47616.52,
      "total_profit": 16583.21,
      "links": {
        "self": "https://kata-espublicotech.g3stiona.com:443/v1/orders/93e5a2b2-3de0-4bf1-9de9-73219e796f72"
      }
    },
    {
      "uuid": "aac2b5f2-873b-4af9-827c-9fe2eae3d1e5",
      "id": "487586820",
      "region": "Sub-Saharan Africa",
      "country": "Nigeria",
      "item_type": "Fruits",
      "sales_channel": "Offline",
      "priority": "C",
      "date": "1/31/2013",
      "ship_date": "3/4/2013",
      "units_sold": 6630,
      "unit_price": 9.33,
      "unit_cost": 6.92,
      "total_revenue": 61857.9,
      "total_cost": 45879.6,
      "total_profit": 15978.3,
      "links": {
        "self": "https://kata-espublicotech.g3stiona.com:443/v1/orders/aac2b5f2-873b-4af9-827c-9fe2eae3d1e5"
      }
    },
    {
      "uuid": "3f43d9f3-38cc-4a53-9616-bc8f7f4efa1c",
      "id": "442852294",
      "region": "Europe",
      "country": "Germany",
      "item_type": "Household",
      "sales_channel": "Offline",
      "priority": "H",
      "date": "7/6/2013",
      "ship_date": "8/21/2013",
      "units_sold": 8690,
      "unit_price": 668.27,
      "unit_cost": 502.54,
      "total_revenue": 5807266.3,
      "total_cost": 4367072.6,
      "total_profit": 1440193.7,
      "links": {
        "self": "https://kata-espublicotech.g3stiona.com:443/v1/orders/3f43d9f3-38cc-4a53-9616-bc8f7f4efa1c"
      }
    },
    {
      "uuid": "b2117be7-fc2e-4c08-9afe-95c613b59988",
      "id": "413457429",
      "region": "Asia",
      "country": "Brunei",
      "item_type": "Beverages",
      "sales_channel": "Online",
      "priority": "L",
      "date": "10/31/2015",
      "ship_date": "12/13/2015",
      "units_sold": 96,
      "unit_price": 47.45,
      "unit_cost": 31.79,
      "total_revenue": 4555.2,
      "total_cost": 3051.84,
      "total_profit": 1503.36,
      "links": {
        "self": "https://kata-espublicotech.g3stiona.com:443/v1/orders/b2117be7-fc2e-4c08-9afe-95c613b59988"
      }
    },
    {
      "uuid": "285a858f-8664-4918-a85b-550133dba357",
      "id": "340076053",
      "region": "Middle East and North Africa",
      "country": "Israel",
      "item_type": "Clothes",
      "sales_channel": "Online",
      "priority": "M",
      "date": "6/1/2016",
      "ship_date": "6/8/2016",
      "units_sold": 4916,
      "unit_price": 109.28,
      "unit_cost": 35.84,
      "total_revenue": 537220.48,
      "total_cost": 176189.44,
      "total_profit": 361031.04,
      "links": {
        "self": "https://kata-espublicotech.g3stiona.com:443/v1/orders/285a858f-8664-4918-a85b-550133dba357"
      }
    },
    {
      "uuid": "e0bd5939-4899-4152-a96f-d5349cc3ca5b",
      "id": "683694493",
      "region": "Middle East and North Africa",
      "country": "Egypt",
      "item_type": "Office Supplies",
      "sales_channel": "Online",
      "priority": "M",
      "date": "9/19/2012",
      "ship_date": "10/27/2012",
      "units_sold": 9249,
      "unit_price": 651.21,
      "unit_cost": 524.96,
      "total_revenue": 6023041.29,
      "total_cost": 4855355.04,
      "total_profit": 1167686.25,
      "links": {
        "self": "https://kata-espublicotech.g3stiona.com:443/v1/orders/e0bd5939-4899-4152-a96f-d5349cc3ca5b"
      }
    },
    {
      "uuid": "90572592-73d0-43a0-89d7-5c32e6d01fc4",
      "id": "175611579",
      "region": "Central America and the Caribbean",
      "country": "Jamaica",
      "item_type": "Personal Care",
      "sales_channel": "Online",
      "priority": "H",
      "date": "8/8/2014",
      "ship_date": "8/28/2014",
      "units_sold": 6224,
      "unit_price": 81.73,
      "unit_cost": 56.67,
      "total_revenue": 508687.52,
      "total_cost": 352714.08,
      "total_profit": 155973.44,
      "links": {
        "self": "https://kata-espublicotech.g3stiona.com:443/v1/orders/90572592-73d0-43a0-89d7-5c32e6d01fc4"
      }
    },
    {
      "uuid": "3458a6e1-6f08-43b5-8d5f-749fc55f38bd",
      "id": "767438638",
      "region": "Asia",
      "country": "Sri Lanka",
      "item_type": "Vegetables",
      "sales_channel": "Offline",
      "priority": "L",
      "date": "4/15/2010",
      "ship_date": "4/19/2010",
      "units_sold": 1002,
      "unit_price": 154.06,
      "unit_cost": 90.93,
      "total_revenue": 154368.12,
      "total_cost": 91111.86,
      "total_profit": 63256.26,
      "links": {
        "self": "https://kata-espublicotech.g3stiona.com:443/v1/orders/3458a6e1-6f08-43b5-8d5f-749fc55f38bd"
      }
    },
    {
      "uuid": "e273fdc8-4517-41f2-97bf-3015e5ceb417",
      "id": "881099498",
      "region": "Central America and the Caribbean",
      "country": "Dominican Republic",
      "item_type": "Beverages",
      "sales_channel": "Offline",
      "priority": "C",
      "date": "7/22/2015",
      "ship_date": "8/20/2015",
      "units_sold": 5776,
      "unit_price": 47.45,
      "unit_cost": 31.79,
      "total_revenue": 274071.2,
      "total_cost": 183619.04,
      "total_profit": 90452.16,
      "links": {
        "self": "https://kata-espublicotech.g3stiona.com:443/v1/orders/e273fdc8-4517-41f2-97bf-3015e5ceb417"
      }
    },
    {
      "uuid": "927bf455-8d3e-4257-b956-78c6b2b0ec91",
      "id": "358830487",
      "region": "Sub-Saharan Africa",
      "country": "Tanzania",
      "item_type": "Personal Care",
      "sales_channel": "Online",
      "priority": "C",
      "date": "12/19/2016",
      "ship_date": "2/1/2017",
      "units_sold": 4770,
      "unit_price": 81.73,
      "unit_cost": 56.67,
      "total_revenue": 389852.1,
      "total_cost": 270315.9,
      "total_profit": 119536.2,
      "links": {
        "self": "https://kata-espublicotech.g3stiona.com:443/v1/orders/927bf455-8d3e-4257-b956-78c6b2b0ec91"
      }
    },
    {
      "uuid": "e71d4d5b-d025-4d91-8419-2f436154b421",
      "id": "913180434",
      "region": "Middle East and North Africa",
      "country": "Yemen",
      "item_type": "Office Supplies",
      "sales_channel": "Online",
      "priority": "M",
      "date": "7/4/2013",
      "ship_date": "8/13/2013",
      "units_sold": 9238,
      "unit_price": 651.21,
      "unit_cost": 524.96,
      "total_revenue": 6015877.98,
      "total_cost": 4849580.48,
      "total_profit": 1166297.5,
      "links": {
        "self": "https://kata-espublicotech.g3stiona.com:443/v1/orders/e71d4d5b-d025-4d91-8419-2f436154b421"
      }
    },
    {
      "uuid": "40e6d623-e1d1-4d5a-babf-7c6777d37cd1",
      "id": "277010667",
      "region": "Sub-Saharan Africa",
      "country": "Mauritius ",
      "item_type": "Fruits",
      "sales_channel": "Offline",
      "priority": "H",
      "date": "10/16/2012",
      "ship_date": "11/4/2012",
      "units_sold": 2467,
      "unit_price": 9.33,
      "unit_cost": 6.92,
      "total_revenue": 23017.11,
      "total_cost": 17071.64,
      "total_profit": 5945.47,
      "links": {
        "self": "https://kata-espublicotech.g3stiona.com:443/v1/orders/40e6d623-e1d1-4d5a-babf-7c6777d37cd1"
      }
    },
    {
      "uuid": "85ab2b45-bbc5-4a3a-81fd-93e9e160a30b",
      "id": "753495013",
      "region": "Asia",
      "country": "Malaysia",
      "item_type": "Cosmetics",
      "sales_channel": "Offline",
      "priority": "H",
      "date": "2/25/2012",
      "ship_date": "3/19/2012",
      "units_sold": 4774,
      "unit_price": 437.2,
      "unit_cost": 263.33,
      "total_revenue": 2087192.8,
      "total_cost": 1257137.42,
      "total_profit": 830055.38,
      "links": {
        "self": "https://kata-espublicotech.g3stiona.com:443/v1/orders/85ab2b45-bbc5-4a3a-81fd-93e9e160a30b"
      }
    },
    {
      "uuid": "acc6ba28-093e-4159-9bb3-ce2380ba4a61",
      "id": "666119801",
      "region": "Europe",
      "country": "Monaco",
      "item_type": "Beverages",
      "sales_channel": "Online",
      "priority": "H",
      "date": "7/20/2017",
      "ship_date": "7/26/2017",
      "units_sold": 8507,
      "unit_price": 47.45,
      "unit_cost": 31.79,
      "total_revenue": 403657.15,
      "total_cost": 270437.53,
      "total_profit": 133219.62,
      "links": {
        "self": "https://kata-espublicotech.g3stiona.com:443/v1/orders/acc6ba28-093e-4159-9bb3-ce2380ba4a61"
      }
    },
    {
      "uuid": "9d564a3d-5b5a-45b8-b451-f2375a60956a",
      "id": "208683860",
      "region": "Sub-Saharan Africa",
      "country": "Cape Verde",
      "item_type": "Vegetables",
      "sales_channel": "Online",
      "priority": "M",
      "date": "1/31/2017",
      "ship_date": "2/12/2017",
      "units_sold": 3046,
      "unit_price": 154.06,
      "unit_cost": 90.93,
      "total_revenue": 469266.76,
      "total_cost": 276972.78,
      "total_profit": 192293.98,
      "links": {
        "self": "https://kata-espublicotech.g3stiona.com:443/v1/orders/9d564a3d-5b5a-45b8-b451-f2375a60956a"
      }
    },
    {
      "uuid": "dcdab14f-6b66-4d06-bd5d-43ff145ee80b",
      "id": "995298516",
      "region": "North America",
      "country": "Greenland",
      "item_type": "Baby Food",
      "sales_channel": "Offline",
      "priority": "C",
      "date": "1/23/2015",
      "ship_date": "3/9/2015",
      "units_sold": 9804,
      "unit_price": 255.28,
      "unit_cost": 159.42,
      "total_revenue": 2502765.12,
      "total_cost": 1562953.68,
      "total_profit": 939811.44,
      "links": {
        "self": "https://kata-espublicotech.g3stiona.com:443/v1/orders/dcdab14f-6b66-4d06-bd5d-43ff145ee80b"
      }
    },
    {
      "uuid": "bb7be78d-5343-4deb-bb0d-fb7c18f3b9f8",
      "id": "210387599",
      "region": "Asia",
      "country": "Kazakhstan",
      "item_type": "Personal Care",
      "sales_channel": "Offline",
      "priority": "L",
      "date": "1/25/2013",
      "ship_date": "3/16/2013",
      "units_sold": 7221,
      "unit_price": 81.73,
      "unit_cost": 56.67,
      "total_revenue": 590172.33,
      "total_cost": 409214.07,
      "total_profit": 180958.26,
      "links": {
        "self": "https://kata-espublicotech.g3stiona.com:443/v1/orders/bb7be78d-5343-4deb-bb0d-fb7c18f3b9f8"
      }
    },
    {
      "uuid": "8fa87d4c-dc5d-4ae9-aec6-9c158b59bc6d",
      "id": "958687436",
      "region": "Middle East and North Africa",
      "country": "Israel",
      "item_type": "Household",
      "sales_channel": "Offline",
      "priority": "L",
      "date": "10/3/2013",
      "ship_date": "11/7/2013",
      "units_sold": 5771,
      "unit_price": 668.27,
      "unit_cost": 502.54,
      "total_revenue": 3856586.17,
      "total_cost": 2900158.34,
      "total_profit": 956427.83,
      "links": {
        "self": "https://kata-espublicotech.g3stiona.com:443/v1/orders/8fa87d4c-dc5d-4ae9-aec6-9c158b59bc6d"
      }
    },
    {
      "uuid": "83a9cb9a-264e-4fe5-a35c-86020a66ed2d",
      "id": "115246856",
      "region": "Europe",
      "country": "Bulgaria",
      "item_type": "Personal Care",
      "sales_channel": "Online",
      "priority": "H",
      "date": "1/20/2017",
      "ship_date": "3/6/2017",
      "units_sold": 2961,
      "unit_price": 81.73,
      "unit_cost": 56.67,
      "total_revenue": 242002.53,
      "total_cost": 167799.87,
      "total_profit": 74202.66,
      "links": {
        "self": "https://kata-espublicotech.g3stiona.com:443/v1/orders/83a9cb9a-264e-4fe5-a35c-86020a66ed2d"
      }
    },
    {
      "uuid": "88a3ea1c-2f35-4a83-8d5d-4b4b91d6d7fa",
      "id": "475427186",
      "region": "Sub-Saharan Africa",
      "country": "Botswana",
      "item_type": "Clothes",
      "sales_channel": "Online",
      "priority": "H",
      "date": "5/21/2016",
      "ship_date": "6/30/2016",
      "units_sold": 8324,
      "unit_price": 109.28,
      "unit_cost": 35.84,
      "total_revenue": 909646.72,
      "total_cost": 298332.16,
      "total_profit": 611314.56,
      "links": {
        "self": "https://kata-espublicotech.g3stiona.com:443/v1/orders/88a3ea1c-2f35-4a83-8d5d-4b4b91d6d7fa"
      }
    },
    {
      "uuid": "59984d43-c6b2-47d3-b3b9-d810a7c4e8c8",
      "id": "404902255",
      "region": "Sub-Saharan Africa",
      "country": "Zimbabwe",
      "item_type": "Meat",
      "sales_channel": "Online",
      "priority": "C",
      "date": "1/9/2010",
      "ship_date": "1/25/2010",
      "units_sold": 8430,
      "unit_price": 421.89,
      "unit_cost": 364.69,
      "total_revenue": 3556532.7,
      "total_cost": 3074336.7,
      "total_profit": 482196.0,
      "links": {
        "self": "https://kata-espublicotech.g3stiona.com:443/v1/orders/59984d43-c6b2-47d3-b3b9-d810a7c4e8c8"
      }
    },
    {
      "uuid": "37f6c4a1-746d-45bb-bd86-04758b234316",
      "id": "589658391",
      "region": "Central America and the Caribbean",
      "country": "The Bahamas",
      "item_type": "Beverages",
      "sales_channel": "Offline",
      "priority": "C",
      "date": "6/13/2012",
      "ship_date": "7/18/2012",
      "units_sold": 1876,
      "unit_price": 47.45,
      "unit_cost": 31.79,
      "total_revenue": 89016.2,
      "total_cost": 59638.04,
      "total_profit": 29378.16,
      "links": {
        "self": "https://kata-espublicotech.g3stiona.com:443/v1/orders/37f6c4a1-746d-45bb-bd86-04758b234316"
      }
    },
    {
      "uuid": "5740e8c8-5ae4-4f6f-b7a9-fbf241055822",
      "id": "885994422",
      "region": "Europe",
      "country": "Vatican City",
      "item_type": "Office Supplies",
      "sales_channel": "Offline",
      "priority": "H",
      "date": "9/16/2012",
      "ship_date": "11/1/2012",
      "units_sold": 4293,
      "unit_price": 651.21,
      "unit_cost": 524.96,
      "total_revenue": 2795644.53,
      "total_cost": 2253653.28,
      "total_profit": 541991.25,
      "links": {
        "self": "https://kata-espublicotech.g3stiona.com:443/v1/orders/5740e8c8-5ae4-4f6f-b7a9-fbf241055822"
      }
    },
    {
      "uuid": "49139b03-8984-4c09-9215-c37eb40ed0e9",
      "id": "770521676",
      "region": "Central America and the Caribbean",
      "country": "Panama",
      "item_type": "Household",
      "sales_channel": "Online",
      "priority": "C",
      "date": "1/21/2016",
      "ship_date": "1/31/2016",
      "units_sold": 3341,
      "unit_price": 668.27,
      "unit_cost": 502.54,
      "total_revenue": 2232690.07,
      "total_cost": 1678986.14,
      "total_profit": 553703.93,
      "links": {
        "self": "https://kata-espublicotech.g3stiona.com:443/v1/orders/49139b03-8984-4c09-9215-c37eb40ed0e9"
      }
    },
    {
      "uuid": "36454521-2bd6-45ee-a5fd-9ac6cbafa1c8",
      "id": "690163981",
      "region": "Asia",
      "country": "Mongolia",
      "item_type": "Baby Food",
      "sales_channel": "Offline",
      "priority": "C",
      "date": "6/14/2017",
      "ship_date": "7/14/2017",
      "units_sold": 3714,
      "unit_price": 255.28,
      "unit_cost": 159.42,
      "total_revenue": 948109.92,
      "total_cost": 592085.88,
      "total_profit": 356024.04,
      "links": {
        "self": "https://kata-espublicotech.g3stiona.com:443/v1/orders/36454521-2bd6-45ee-a5fd-9ac6cbafa1c8"
      }
    },
    {
      "uuid": "e40eaf35-df5d-4139-b32d-5a2e16f52bf4",
      "id": "712157666",
      "region": "Australia and Oceania",
      "country": "New Zealand",
      "item_type": "Cereal",
      "sales_channel": "Offline",
      "priority": "H",
      "date": "12/1/2012",
      "ship_date": "12/17/2012",
      "units_sold": 2134,
      "unit_price": 205.7,
      "unit_cost": 117.11,
      "total_revenue": 438963.8,
      "total_cost": 249912.74,
      "total_profit": 189051.06,
      "links": {
        "self": "https://kata-espublicotech.g3stiona.com:443/v1/orders/e40eaf35-df5d-4139-b32d-5a2e16f52bf4"
      }
    },
    {
      "uuid": "1158514e-cc00-491e-8e64-b139d5d61042",
      "id": "974051558",
      "region": "Sub-Saharan Africa",
      "country": "Ethiopia",
      "item_type": "Beverages",
      "sales_channel": "Online",
      "priority": "H",
      "date": "11/28/2010",
      "ship_date": "12/22/2010",
      "units_sold": 2357,
      "unit_price": 47.45,
      "unit_cost": 31.79,
      "total_revenue": 111839.65,
      "total_cost": 74929.03,
      "total_profit": 36910.62,
      "links": {
        "self": "https://kata-espublicotech.g3stiona.com:443/v1/orders/1158514e-cc00-491e-8e64-b139d5d61042"
      }
    },
    {
      "uuid": "ccf07db7-0463-40e8-9574-b996db489e42",
      "id": "333706986",
      "region": "Sub-Saharan Africa",
      "country": "Namibia",
      "item_type": "Cereal",
      "sales_channel": "Online",
      "priority": "H",
      "date": "5/12/2013",
      "ship_date": "5/28/2013",
      "units_sold": 168,
      "unit_price": 205.7,
      "unit_cost": 117.11,
      "total_revenue": 34557.6,
      "total_cost": 19674.48,
      "total_profit": 14883.12,
      "links": {
        "self": "https://kata-espublicotech.g3stiona.com:443/v1/orders/ccf07db7-0463-40e8-9574-b996db489e42"
      }
    },
    {
      "uuid": "9fa025b4-ba67-4503-b43b-20c135998460",
      "id": "419297778",
      "region": "Australia and Oceania",
      "country": "New Zealand",
      "item_type": "Office Supplies",
      "sales_channel": "Online",
      "priority": "M",
      "date": "12/4/2011",
      "ship_date": "1/22/2012",
      "units_sold": 8385,
      "unit_price": 651.21,
      "unit_cost": 524.96,
      "total_revenue": 5460395.85,
      "total_cost": 4401789.6,
      "total_profit": 1058606.25,
      "links": {
        "self": "https://kata-espublicotech.g3stiona.com:443/v1/orders/9fa025b4-ba67-4503-b43b-20c135998460"
      }
    },
    {
      "uuid": "8f2ddfd6-7f9d-4c42-889a-19cc51914627",
      "id": "679310262",
      "region": "Sub-Saharan Africa",
      "country": "Madagascar",
      "item_type": "Vegetables",
      "sales_channel": "Offline",
      "priority": "M",
      "date": "6/16/2014",
      "ship_date": "7/22/2014",
      "units_sold": 1857,
      "unit_price": 154.06,
      "unit_cost": 90.93,
      "total_revenue": 286089.42,
      "total_cost": 168857.01,
      "total_profit": 117232.41,
      "links": {
        "self": "https://kata-espublicotech.g3stiona.com:443/v1/orders/8f2ddfd6-7f9d-4c42-889a-19cc51914627"
      }
    },
    {
      "uuid": "984b453d-58a5-41f4-b98d-f80ac87986cc",
      "id": "632543265",
      "region": "Europe",
      "country": "Ireland",
      "item_type": "Meat",
      "sales_channel": "Offline",
      "priority": "L",
      "date": "12/11/2010",
      "ship_date": "1/16/2011",
      "units_sold": 2464,
      "unit_price": 421.89,
      "unit_cost": 364.69,
      "total_revenue": 1039536.96,
      "total_cost": 898596.16,
      "total_profit": 140940.8,
      "links": {
        "self": "https://kata-espublicotech.g3stiona.com:443/v1/orders/984b453d-58a5-41f4-b98d-f80ac87986cc"
      }
    },
    {
      "uuid": "a464a50d-bb45-4c62-b427-e9a7abc7a5a4",
      "id": "318108117",
      "region": "Central America and the Caribbean",
      "country": "Trinidad and Tobago",
      "item_type": "Cosmetics",
      "sales_channel": "Online",
      "priority": "H",
      "date": "3/2/2015",
      "ship_date": "3/16/2015",
      "units_sold": 4116,
      "unit_price": 437.2,
      "unit_cost": 263.33,
      "total_revenue": 1799515.2,
      "total_cost": 1083866.28,
      "total_profit": 715648.92,
      "links": {
        "self": "https://kata-espublicotech.g3stiona.com:443/v1/orders/a464a50d-bb45-4c62-b427-e9a7abc7a5a4"
      }
    },
    {
      "uuid": "435f69d9-6326-4898-a71a-9a540ac3bccb",
      "id": "745428645",
      "region": "Australia and Oceania",
      "country": "Federated States of Micronesia",
      "item_type": "Beverages",
      "sales_channel": "Online",
      "priority": "L",
      "date": "6/15/2015",
      "ship_date": "7/15/2015",
      "units_sold": 7756,
      "unit_price": 47.45,
      "unit_cost": 31.79,
      "total_revenue": 368022.2,
      "total_cost": 246563.24,
      "total_profit": 121458.96,
      "links": {
        "self": "https://kata-espublicotech.g3stiona.com:443/v1/orders/435f69d9-6326-4898-a71a-9a540ac3bccb"
      }
    },
    {
      "uuid": "d969e802-1544-41cc-94c0-3224b631eb61",
      "id": "744241178",
      "region": "Europe",
      "country": "Romania",
      "item_type": "Snacks",
      "sales_channel": "Offline",
      "priority": "L",
      "date": "5/7/2016",
      "ship_date": "5/9/2016",
      "units_sold": 6358,
      "unit_price": 152.58,
      "unit_cost": 97.44,
      "total_revenue": 970103.64,
      "total_cost": 619523.52,
      "total_profit": 350580.12,
      "links": {
        "self": "https://kata-espublicotech.g3stiona.com:443/v1/orders/d969e802-1544-41cc-94c0-3224b631eb61"
      }
    },
    {
      "uuid": "fba03002-789c-40c2-b2a4-8e2a10468d57",
      "id": "114594542",
      "region": "Sub-Saharan Africa",
      "country": "Namibia",
      "item_type": "Fruits",
      "sales_channel": "Online",
      "priority": "L",
      "date": "2/9/2012",
      "ship_date": "3/19/2012",
      "units_sold": 9927,
      "unit_price": 9.33,
      "unit_cost": 6.92,
      "total_revenue": 92618.91,
      "total_cost": 68694.84,
      "total_profit": 23924.07,
      "links": {
        "self": "https://kata-espublicotech.g3stiona.com:443/v1/orders/fba03002-789c-40c2-b2a4-8e2a10468d57"
      }
    },
    {
      "uuid": "6d184301-c83d-441b-8f73-88dbe9d15169",
      "id": "976850068",
      "region": "North America",
      "country": "Canada",
      "item_type": "Cosmetics",
      "sales_channel": "Offline",
      "priority": "M",
      "date": "3/9/2013",
      "ship_date": "3/21/2013",
      "units_sold": 498,
      "unit_price": 437.2,
      "unit_cost": 263.33,
      "total_revenue": 217725.6,
      "total_cost": 131138.34,
      "total_profit": 86587.26,
      "links": {
        "self": "https://kata-espublicotech.g3stiona.com:443/v1/orders/6d184301-c83d-441b-8f73-88dbe9d15169"
      }
    },
    {
      "uuid": "751a8da0-1e23-40a8-b715-7201967036df",
      "id": "121681582",
      "region": "Europe",
      "country": "Poland",
      "item_type": "Clothes",
      "sales_channel": "Offline",
      "priority": "M",
      "date": "3/6/2012",
      "ship_date": "4/8/2012",
      "units_sold": 7139,
      "unit_price": 109.28,
      "unit_cost": 35.84,
      "total_revenue": 780149.92,
      "total_cost": 255861.76,
      "total_profit": 524288.16,
      "links": {
        "self": "https://kata-espublicotech.g3stiona.com:443/v1/orders/751a8da0-1e23-40a8-b715-7201967036df"
      }
    },
    {
      "uuid": "fe1419d9-6e37-4007-a46a-3fe13db3637c",
      "id": "260075414",
      "region": "Europe",
      "country": "Kosovo",
      "item_type": "Clothes",
      "sales_channel": "Online",
      "priority": "H",
      "date": "4/26/2010",
      "ship_date": "5/18/2010",
      "units_sold": 949,
      "unit_price": 109.28,
      "unit_cost": 35.84,
      "total_revenue": 103706.72,
      "total_cost": 34012.16,
      "total_profit": 69694.56,
      "links": {
        "self": "https://kata-espublicotech.g3stiona.com:443/v1/orders/fe1419d9-6e37-4007-a46a-3fe13db3637c"
      }
    },
    {
      "uuid": "692e2f29-4043-459a-8150-757b30e37d45",
      "id": "573330390",
      "region": "Europe",
      "country": "Sweden",
      "item_type": "Office Supplies",
      "sales_channel": "Online",
      "priority": "L",
      "date": "9/7/2013",
      "ship_date": "10/20/2013",
      "units_sold": 58,
      "unit_price": 651.21,
      "unit_cost": 524.96,
      "total_revenue": 37770.18,
      "total_cost": 30447.68,
      "total_profit": 7322.5,
      "links": {
        "self": "https://kata-espublicotech.g3stiona.com:443/v1/orders/692e2f29-4043-459a-8150-757b30e37d45"
      }
    },
    {
      "uuid": "7a511f03-341c-4ba8-aa1b-c0abf3f8820d",
      "id": "763057839",
      "region": "Sub-Saharan Africa",
      "country": "Sao Tome and Principe",
      "item_type": "Cosmetics",
      "sales_channel": "Online",
      "priority": "M",
      "date": "4/13/2014",
      "ship_date": "5/1/2014",
      "units_sold": 4626,
      "unit_price": 437.2,
      "unit_cost": 263.33,
      "total_revenue": 2022487.2,
      "total_cost": 1218164.58,
      "total_profit": 804322.62,
      "links": {
        "self": "https://kata-espublicotech.g3stiona.com:443/v1/orders/7a511f03-341c-4ba8-aa1b-c0abf3f8820d"
      }
    },
    {
      "uuid": "c9e8f5c1-ec4b-4d39-9519-0c99a8acd795",
      "id": "601181590",
      "region": "Sub-Saharan Africa",
      "country": "Tanzania",
      "item_type": "Baby Food",
      "sales_channel": "Offline",
      "priority": "H",
      "date": "7/15/2016",
      "ship_date": "7/28/2016",
      "units_sold": 1847,
      "unit_price": 255.28,
      "unit_cost": 159.42,
      "total_revenue": 471502.16,
      "total_cost": 294448.74,
      "total_profit": 177053.42,
      "links": {
        "self": "https://kata-espublicotech.g3stiona.com:443/v1/orders/c9e8f5c1-ec4b-4d39-9519-0c99a8acd795"
      }
    },
    {
      "uuid": "8001dc93-2469-4256-8a32-f3c7114130be",
      "id": "379937970",
      "region": "Australia and Oceania",
      "country": "Palau",
      "item_type": "Meat",
      "sales_channel": "Online",
      "priority": "C",
      "date": "10/17/2010",
      "ship_date": "10/20/2010",
      "units_sold": 943,
      "unit_price": 421.89,
      "unit_cost": 364.69,
      "total_revenue": 397842.27,
      "total_cost": 343902.67,
      "total_profit": 53939.6,
      "links": {
        "self": "https://kata-espublicotech.g3stiona.com:443/v1/orders/8001dc93-2469-4256-8a32-f3c7114130be"
      }
    },
    {
      "uuid": "702fe5bc-2d38-4dd1-bf0e-676f4bc1a235",
      "id": "461875808",
      "region": "Sub-Saharan Africa",
      "country": "Malawi",
      "item_type": "Cosmetics",
      "sales_channel": "Online",
      "priority": "M",
      "date": "12/20/2014",
      "ship_date": "12/23/2014",
      "units_sold": 8170,
      "unit_price": 437.2,
      "unit_cost": 263.33,
      "total_revenue": 3571924.0,
      "total_cost": 2151406.1,
      "total_profit": 1420517.9,
      "links": {
        "self": "https://kata-espublicotech.g3stiona.com:443/v1/orders/702fe5bc-2d38-4dd1-bf0e-676f4bc1a235"
      }
    },
    {
      "uuid": "3c77c229-efe2-44c6-a7bc-f3c9b5b993b9",
      "id": "829856431",
      "region": "Asia",
      "country": "India",
      "item_type": "Personal Care",
      "sales_channel": "Offline",
      "priority": "H",
      "date": "3/5/2010",
      "ship_date": "4/15/2010",
      "units_sold": 1814,
      "unit_price": 81.73,
      "unit_cost": 56.67,
      "total_revenue": 148258.22,
      "total_cost": 102799.38,
      "total_profit": 45458.84,
      "links": {
        "self": "https://kata-espublicotech.g3stiona.com:443/v1/orders/3c77c229-efe2-44c6-a7bc-f3c9b5b993b9"
      }
    },
    {
      "uuid": "525de708-458d-4fe8-8abc-30525587731e",
      "id": "637053668",
      "region": "Sub-Saharan Africa",
      "country": "Angola",
      "item_type": "Cereal",
      "sales_channel": "Online",
      "priority": "L",
      "date": "9/3/2012",
      "ship_date": "10/4/2012",
      "units_sold": 7192,
      "unit_price": 205.7,
      "unit_cost": 117.11,
      "total_revenue": 1479394.4,
      "total_cost": 842255.12,
      "total_profit": 637139.28,
      "links": {
        "self": "https://kata-espublicotech.g3stiona.com:443/v1/orders/525de708-458d-4fe8-8abc-30525587731e"
      }
    },
    {
      "uuid": "4de98a90-f921-426d-a3f2-b84ca7de6e51",
      "id": "456953847",
      "region": "Central America and the Caribbean",
      "country": "El Salvador",
      "item_type": "Cereal",
      "sales_channel": "Offline",
      "priority": "L",
      "date": "1/26/2017",
      "ship_date": "1/30/2017",
      "units_sold": 1653,
      "unit_price": 205.7,
      "unit_cost": 117.11,
      "total_revenue": 340022.1,
      "total_cost": 193582.83,
      "total_profit": 146439.27,
      "links": {
        "self": "https://kata-espublicotech.g3stiona.com:443/v1/orders/4de98a90-f921-426d-a3f2-b84ca7de6e51"
      }
    },
    {
      "uuid": "12b35811-94eb-4d21-8b9c-cae8d878342b",
      "id": "933355796",
      "region": "Asia",
      "country": "Uzbekistan",
      "item_type": "Snacks",
      "sales_channel": "Online",
      "priority": "C",
      "date": "4/1/2015",
      "ship_date": "4/30/2015",
      "units_sold": 9576,
      "unit_price": 152.58,
      "unit_cost": 97.44,
      "total_revenue": 1461106.08,
      "total_cost": 933085.44,
      "total_profit": 528020.64,
      "links": {
        "self": "https://kata-espublicotech.g3stiona.com:443/v1/orders/12b35811-94eb-4d21-8b9c-cae8d878342b"
      }
    },
    {
      "uuid": "4879e11c-303d-4c17-982c-2260eec71a8d",
      "id": "530370843",
      "region": "Europe",
      "country": "Romania",
      "item_type": "Office Supplies",
      "sales_channel": "Online",
      "priority": "L",
      "date": "4/20/2015",
      "ship_date": "5/26/2015",
      "units_sold": 7373,
      "unit_price": 651.21,
      "unit_cost": 524.96,
      "total_revenue": 4801371.33,
      "total_cost": 3870530.08,
      "total_profit": 930841.25,
      "links": {
        "self": "https://kata-espublicotech.g3stiona.com:443/v1/orders/4879e11c-303d-4c17-982c-2260eec71a8d"
      }
    },
    {
      "uuid": "b1b2d653-5a23-495f-b82a-e58b0ec2bdf1",
      "id": "482422816",
      "region": "Middle East and North Africa",
      "country": "Bahrain",
      "item_type": "Cosmetics",
      "sales_channel": "Offline",
      "priority": "C",
      "date": "1/10/2015",
      "ship_date": "2/22/2015",
      "units_sold": 8487,
      "unit_price": 437.2,
      "unit_cost": 263.33,
      "total_revenue": 3710516.4,
      "total_cost": 2234881.71,
      "total_profit": 1475634.69,
      "links": {
        "self": "https://kata-espublicotech.g3stiona.com:443/v1/orders/b1b2d653-5a23-495f-b82a-e58b0ec2bdf1"
      }
    },
    {
      "uuid": "9af85bb9-ffbe-4009-83a6-7b89d7a7faa7",
      "id": "744248044",
      "region": "Sub-Saharan Africa",
      "country": "Cape Verde",
      "item_type": "Snacks",
      "sales_channel": "Offline",
      "priority": "L",
      "date": "4/17/2013",
      "ship_date": "5/21/2013",
      "units_sold": 8390,
      "unit_price": 152.58,
      "unit_cost": 97.44,
      "total_revenue": 1280146.2,
      "total_cost": 817521.6,
      "total_profit": 462624.6,
      "links": {
        "self": "https://kata-espublicotech.g3stiona.com:443/v1/orders/9af85bb9-ffbe-4009-83a6-7b89d7a7faa7"
      }
    },
    {
      "uuid": "05c7a93e-98fd-4fdd-b544-05a6a72c9c0a",
      "id": "440895354",
      "region": "Sub-Saharan Africa",
      "country": "Zimbabwe",
      "item_type": "Personal Care",
      "sales_channel": "Offline",
      "priority": "H",
      "date": "10/24/2013",
      "ship_date": "11/22/2013",
      "units_sold": 9588,
      "unit_price": 81.73,
      "unit_cost": 56.67,
      "total_revenue": 783627.24,
      "total_cost": 543351.96,
      "total_profit": 240275.28,
      "links": {
        "self": "https://kata-espublicotech.g3stiona.com:443/v1/orders/05c7a93e-98fd-4fdd-b544-05a6a72c9c0a"
      }
    },
    {
      "uuid": "3cc4120b-8104-41a8-a274-ed638f8320b6",
      "id": "117726075",
      "region": "Central America and the Caribbean",
      "country": "Costa Rica",
      "item_type": "Cereal",
      "sales_channel": "Online",
      "priority": "L",
      "date": "10/19/2013",
      "ship_date": "10/31/2013",
      "units_sold": 6617,
      "unit_price": 205.7,
      "unit_cost": 117.11,
      "total_revenue": 1361116.9,
      "total_cost": 774916.87,
      "total_profit": 586200.03,
      "links": {
        "self": "https://kata-espublicotech.g3stiona.com:443/v1/orders/3cc4120b-8104-41a8-a274-ed638f8320b6"
      }
    },
    {
      "uuid": "aac68056-ebc9-48ce-80d2-19766d4c7cee",
      "id": "390414035",
      "region": "Sub-Saharan Africa",
      "country": "Mauritius ",
      "item_type": "Vegetables",
      "sales_channel": "Online",
      "priority": "C",
      "date": "4/23/2015",
      "ship_date": "4/29/2015",
      "units_sold": 1044,
      "unit_price": 154.06,
      "unit_cost": 90.93,
      "total_revenue": 160838.64,
      "total_cost": 94930.92,
      "total_profit": 65907.72,
      "links": {
        "self": "https://kata-espublicotech.g3stiona.com:443/v1/orders/aac68056-ebc9-48ce-80d2-19766d4c7cee"
      }
    },
    {
      "uuid": "97064cc7-b2aa-4616-973d-86b80f37bb8f",
      "id": "594945561",
      "region": "Sub-Saharan Africa",
      "country": "Benin",
      "item_type": "Beverages",
      "sales_channel": "Offline",
      "priority": "C",
      "date": "11/22/2013",
      "ship_date": "1/9/2014",
      "units_sold": 6467,
      "unit_price": 47.45,
      "unit_cost": 31.79,
      "total_revenue": 306859.15,
      "total_cost": 205585.93,
      "total_profit": 101273.22,
      "links": {
        "self": "https://kata-espublicotech.g3stiona.com:443/v1/orders/97064cc7-b2aa-4616-973d-86b80f37bb8f"
      }
    },
    {
      "uuid": "3cc394cc-e6ec-4abe-8fc2-a69211a3c2f0",
      "id": "137619483",
      "region": "North America",
      "country": "Mexico",
      "item_type": "Personal Care",
      "sales_channel": "Online",
      "priority": "H",
      "date": "7/12/2017",
      "ship_date": "7/21/2017",
      "units_sold": 3518,
      "unit_price": 81.73,
      "unit_cost": 56.67,
      "total_revenue": 287526.14,
      "total_cost": 199365.06,
      "total_profit": 88161.08,
      "links": {
        "self": "https://kata-espublicotech.g3stiona.com:443/v1/orders/3cc394cc-e6ec-4abe-8fc2-a69211a3c2f0"
      }
    },
    {
      "uuid": "9a8df305-2645-4347-bdc6-7421fcf7229a",
      "id": "745047128",
      "region": "Sub-Saharan Africa",
      "country": "The Gambia",
      "item_type": "Clothes",
      "sales_channel": "Online",
      "priority": "M",
      "date": "7/15/2012",
      "ship_date": "8/12/2012",
      "units_sold": 4857,
      "unit_price": 109.28,
      "unit_cost": 35.84,
      "total_revenue": 530772.96,
      "total_cost": 174074.88,
      "total_profit": 356698.08,
      "links": {
        "self": "https://kata-espublicotech.g3stiona.com:443/v1/orders/9a8df305-2645-4347-bdc6-7421fcf7229a"
      }
    },
    {
      "uuid": "63f54586-d083-42f6-8147-72db036b9c6e",
      "id": "614152324",
      "region": "Asia",
      "country": "Cambodia",
      "item_type": "Baby Food",
      "sales_channel": "Online",
      "priority": "C",
      "date": "10/24/2012",
      "ship_date": "11/24/2012",
      "units_sold": 175,
      "unit_price": 255.28,
      "unit_cost": 159.42,
      "total_revenue": 44674.0,
      "total_cost": 27898.5,
      "total_profit": 16775.5,
      "links": {
        "self": "https://kata-espublicotech.g3stiona.com:443/v1/orders/63f54586-d083-42f6-8147-72db036b9c6e"
      }
    },
    {
      "uuid": "a3932d70-fb12-4868-aef7-eaf47c938734",
      "id": "262171399",
      "region": "Sub-Saharan Africa",
      "country": "Zambia",
      "item_type": "Household",
      "sales_channel": "Offline",
      "priority": "H",
      "date": "8/5/2010",
      "ship_date": "8/9/2010",
      "units_sold": 1198,
      "unit_price": 668.27,
      "unit_cost": 502.54,
      "total_revenue": 800587.46,
      "total_cost": 602042.92,
      "total_profit": 198544.54,
      "links": {
        "self": "https://kata-espublicotech.g3stiona.com:443/v1/orders/a3932d70-fb12-4868-aef7-eaf47c938734"
      }
    },
    {
      "uuid": "bbf5914f-c11d-4b34-857f-d763291a08e4",
      "id": "276653182",
      "region": "Europe",
      "country": "Malta",
      "item_type": "Cosmetics",
      "sales_channel": "Online",
      "priority": "M",
      "date": "7/16/2010",
      "ship_date": "8/13/2010",
      "units_sold": 6679,
      "unit_price": 437.2,
      "unit_cost": 263.33,
      "total_revenue": 2920058.8,
      "total_cost": 1758781.07,
      "total_profit": 1161277.73,
      "links": {
        "self": "https://kata-espublicotech.g3stiona.com:443/v1/orders/bbf5914f-c11d-4b34-857f-d763291a08e4"
      }
    },
    {
      "uuid": "3e6abcc3-5cf1-40d6-bcc6-624e1bb66127",
      "id": "865459001",
      "region": "Europe",
      "country": "Malta",
      "item_type": "Personal Care",
      "sales_channel": "Online",
      "priority": "C",
      "date": "10/21/2010",
      "ship_date": "12/1/2010",
      "units_sold": 7406,
      "unit_price": 81.73,
      "unit_cost": 56.67,
      "total_revenue": 605292.38,
      "total_cost": 419698.02,
      "total_profit": 185594.36,
      "links": {
        "self": "https://kata-espublicotech.g3stiona.com:443/v1/orders/3e6abcc3-5cf1-40d6-bcc6-624e1bb66127"
      }
    },
    {
      "uuid": "afc3b7b6-a3c8-4a31-bbea-9a70c1504a5d",
      "id": "506762683",
      "region": "Middle East and North Africa",
      "country": "Iran",
      "item_type": "Fruits",
      "sales_channel": "Online",
      "priority": "C",
      "date": "5/27/2014",
      "ship_date": "6/18/2014",
      "units_sold": 1194,
      "unit_price": 9.33,
      "unit_cost": 6.92,
      "total_revenue": 11140.02,
      "total_cost": 8262.48,
      "total_profit": 2877.54,
      "links": {
        "self": "https://kata-espublicotech.g3stiona.com:443/v1/orders/afc3b7b6-a3c8-4a31-bbea-9a70c1504a5d"
      }
    },
    {
      "uuid": "90210a4d-81bb-47f4-89ac-d95691c37aaf",
      "id": "899050557",
      "region": "Sub-Saharan Africa",
      "country": "Nigeria",
      "item_type": "Cosmetics",
      "sales_channel": "Online",
      "priority": "C",
      "date": "4/2/2010",
      "ship_date": "4/15/2010",
      "units_sold": 7894,
      "unit_price": 437.2,
      "unit_cost": 263.33,
      "total_revenue": 3451256.8,
      "total_cost": 2078727.02,
      "total_profit": 1372529.78,
      "links": {
        "self": "https://kata-espublicotech.g3stiona.com:443/v1/orders/90210a4d-81bb-47f4-89ac-d95691c37aaf"
      }
    },
    {
      "uuid": "84ff78fc-fa27-4112-93b3-9311ced3eb48",
      "id": "211121451",
      "region": "Australia and Oceania",
      "country": "Palau",
      "item_type": "Office Supplies",
      "sales_channel": "Online",
      "priority": "H",
      "date": "11/6/2014",
      "ship_date": "12/20/2014",
      "units_sold": 4384,
      "unit_price": 651.21,
      "unit_cost": 524.96,
      "total_revenue": 2854904.64,
      "total_cost": 2301424.64,
      "total_profit": 553480.0,
      "links": {
        "self": "https://kata-espublicotech.g3stiona.com:443/v1/orders/84ff78fc-fa27-4112-93b3-9311ced3eb48"
      }
    },
    {
      "uuid": "aab11821-8970-445f-b375-fdfa4ff1ea90",
      "id": "732086694",
      "region": "Australia and Oceania",
      "country": "Samoa ",
      "item_type": "Snacks",
      "sales_channel": "Offline",
      "priority": "M",
      "date": "6/19/2015",
      "ship_date": "6/27/2015",
      "units_sold": 9576,
      "unit_price": 152.58,
      "unit_cost": 97.44,
      "total_revenue": 1461106.08,
      "total_cost": 933085.44,
      "total_profit": 528020.64,
      "links": {
        "self": "https://kata-espublicotech.g3stiona.com:443/v1/orders/aab11821-8970-445f-b375-fdfa4ff1ea90"
      }
    },
    {
      "uuid": "bc3b8d36-e5ef-4e5a-a883-9cdc27e0d01c",
      "id": "321370112",
      "region": "Sub-Saharan Africa",
      "country": "Central African Republic",
      "item_type": "Vegetables",
      "sales_channel": "Online",
      "priority": "L",
      "date": "10/16/2011",
      "ship_date": "11/24/2011",
      "units_sold": 9413,
      "unit_price": 154.06,
      "unit_cost": 90.93,
      "total_revenue": 1450166.78,
      "total_cost": 855924.09,
      "total_profit": 594242.69,
      "links": {
        "self": "https://kata-espublicotech.g3stiona.com:443/v1/orders/bc3b8d36-e5ef-4e5a-a883-9cdc27e0d01c"
      }
    },
    {
      "uuid": "689b8b50-590a-481c-b546-3f3c920f6132",
      "id": "958708035",
      "region": "Sub-Saharan Africa",
      "country": "Seychelles ",
      "item_type": "Household",
      "sales_channel": "Online",
      "priority": "C",
      "date": "2/28/2012",
      "ship_date": "3/29/2012",
      "units_sold": 1867,
      "unit_price": 668.27,
      "unit_cost": 502.54,
      "total_revenue": 1247660.09,
      "total_cost": 938242.18,
      "total_profit": 309417.91,
      "links": {
        "self": "https://kata-espublicotech.g3stiona.com:443/v1/orders/689b8b50-590a-481c-b546-3f3c920f6132"
      }
    },
    {
      "uuid": "f8ace325-79c6-4f1f-9ab1-01fd26bc8069",
      "id": "194149291",
      "region": "Central America and the Caribbean",
      "country": "Belize",
      "item_type": "Personal Care",
      "sales_channel": "Offline",
      "priority": "H",
      "date": "8/9/2014",
      "ship_date": "8/23/2014",
      "units_sold": 1944,
      "unit_price": 81.73,
      "unit_cost": 56.67,
      "total_revenue": 158883.12,
      "total_cost": 110166.48,
      "total_profit": 48716.64,
      "links": {
        "self": "https://kata-espublicotech.g3stiona.com:443/v1/orders/f8ace325-79c6-4f1f-9ab1-01fd26bc8069"
      }
    },
    {
      "uuid": "a0ce3c40-0cc5-481d-8a46-e3c0af7e562b",
      "id": "598055207",
      "region": "Sub-Saharan Africa",
      "country": "Mauritania",
      "item_type": "Household",
      "sales_channel": "Offline",
      "priority": "L",
      "date": "8/29/2010",
      "ship_date": "10/7/2010",
      "units_sold": 6681,
      "unit_price": 668.27,
      "unit_cost": 502.54,
      "total_revenue": 4464711.87,
      "total_cost": 3357469.74,
      "total_profit": 1107242.13,
      "links": {
        "self": "https://kata-espublicotech.g3stiona.com:443/v1/orders/a0ce3c40-0cc5-481d-8a46-e3c0af7e562b"
      }
    },
    {
      "uuid": "1976a887-8ca7-4908-ab99-9face5a1f227",
      "id": "311099612",
      "region": "Australia and Oceania",
      "country": "Tuvalu",
      "item_type": "Meat",
      "sales_channel": "Online",
      "priority": "M",
      "date": "11/5/2011",
      "ship_date": "12/14/2011",
      "units_sold": 143,
      "unit_price": 421.89,
      "unit_cost": 364.69,
      "total_revenue": 60330.27,
      "total_cost": 52150.67,
      "total_profit": 8179.6,
      "links": {
        "self": "https://kata-espublicotech.g3stiona.com:443/v1/orders/1976a887-8ca7-4908-ab99-9face5a1f227"
      }
    },
    {
      "uuid": "eb96d55f-5ec9-451c-bee2-0b461085eca8",
      "id": "694268834",
      "region": "Europe",
      "country": "Ireland",
      "item_type": "Office Supplies",
      "sales_channel": "Online",
      "priority": "M",
      "date": "8/10/2015",
      "ship_date": "8/23/2015",
      "units_sold": 8431,
      "unit_price": 651.21,
      "unit_cost": 524.96,
      "total_revenue": 5490351.51,
      "total_cost": 4425937.76,
      "total_profit": 1064413.75,
      "links": {
        "self": "https://kata-espublicotech.g3stiona.com:443/v1/orders/eb96d55f-5ec9-451c-bee2-0b461085eca8"
      }
    },
    {
      "uuid": "e5e02739-9793-43ec-9da4-1f59baeebdd9",
      "id": "478861701",
      "region": "Central America and the Caribbean",
      "country": "Saint Vincent and the Grenadines",
      "item_type": "Baby Food",
      "sales_channel": "Offline",
      "priority": "H",
      "date": "9/2/2016",
      "ship_date": "10/19/2016",
      "units_sold": 4674,
      "unit_price": 255.28,
      "unit_cost": 159.42,
      "total_revenue": 1193178.72,
      "total_cost": 745129.08,
      "total_profit": 448049.64,
      "links": {
        "self": "https://kata-espublicotech.g3stiona.com:443/v1/orders/e5e02739-9793-43ec-9da4-1f59baeebdd9"
      }
    },
    {
      "uuid": "2d78e0e9-3ad0-49da-b4c6-871db3f7988b",
      "id": "716489541",
      "region": "Europe",
      "country": "Germany",
      "item_type": "Vegetables",
      "sales_channel": "Offline",
      "priority": "L",
      "date": "10/28/2010",
      "ship_date": "12/7/2010",
      "units_sold": 4032,
      "unit_price": 154.06,
      "unit_cost": 90.93,
      "total_revenue": 621169.92,
      "total_cost": 366629.76,
      "total_profit": 254540.16,
      "links": {
        "self": "https://kata-espublicotech.g3stiona.com:443/v1/orders/2d78e0e9-3ad0-49da-b4c6-871db3f7988b"
      }
    },
    {
      "uuid": "5c235627-b7be-42d1-8164-faaeab8344d7",
      "id": "729076182",
      "region": "Europe",
      "country": "Portugal",
      "item_type": "Beverages",
      "sales_channel": "Offline",
      "priority": "H",
      "date": "11/7/2013",
      "ship_date": "12/8/2013",
      "units_sold": 8699,
      "unit_price": 47.45,
      "unit_cost": 31.79,
      "total_revenue": 412767.55,
      "total_cost": 276541.21,
      "total_profit": 136226.34,
      "links": {
        "self": "https://kata-espublicotech.g3stiona.com:443/v1/orders/5c235627-b7be-42d1-8164-faaeab8344d7"
      }
    },
    {
      "uuid": "c3b6069e-1759-4d9c-8440-80a9f6c4e81f",
      "id": "358857953",
      "region": "Sub-Saharan Africa",
      "country": "Malawi",
      "item_type": "Household",
      "sales_channel": "Offline",
      "priority": "H",
      "date": "4/24/2012",
      "ship_date": "5/14/2012",
      "units_sold": 2898,
      "unit_price": 668.27,
      "unit_cost": 502.54,
      "total_revenue": 1936646.46,
      "total_cost": 1456360.92,
      "total_profit": 480285.54,
      "links": {
        "self": "https://kata-espublicotech.g3stiona.com:443/v1/orders/c3b6069e-1759-4d9c-8440-80a9f6c4e81f"
      }
    },
    {
      "uuid": "a423ed95-e0c4-4f8d-af32-cc429d304071",
      "id": "418383681",
      "region": "Central America and the Caribbean",
      "country": "Guatemala",
      "item_type": "Clothes",
      "sales_channel": "Offline",
      "priority": "C",
      "date": "10/6/2012",
      "ship_date": "11/24/2012",
      "units_sold": 7884,
      "unit_price": 109.28,
      "unit_cost": 35.84,
      "total_revenue": 861563.52,
      "total_cost": 282562.56,
      "total_profit": 579000.96,
      "links": {
        "self": "https://kata-espublicotech.g3stiona.com:443/v1/orders/a423ed95-e0c4-4f8d-af32-cc429d304071"
      }
    },
    {
      "uuid": "cb8be70d-1db5-4b39-856d-82b873da96be",
      "id": "440514695",
      "region": "Asia",
      "country": "Bhutan",
      "item_type": "Cosmetics",
      "sales_channel": "Offline",
      "priority": "L",
      "date": "4/2/2015",
      "ship_date": "4/20/2015",
      "units_sold": 6942,
      "unit_price": 437.2,
      "unit_cost": 263.33,
      "total_revenue": 3035042.4,
      "total_cost": 1828036.86,
      "total_profit": 1207005.54,
      "links": {
        "self": "https://kata-espublicotech.g3stiona.com:443/v1/orders/cb8be70d-1db5-4b39-856d-82b873da96be"
      }
    },
    {
      "uuid": "a54686f7-2db0-4b73-928d-9ed3e7affba8",
      "id": "928424823",
      "region": "Europe",
      "country": "Switzerland",
      "item_type": "Snacks",
      "sales_channel": "Offline",
      "priority": "C",
      "date": "2/7/2017",
      "ship_date": "2/28/2017",
      "units_sold": 392,
      "unit_price": 152.58,
      "unit_cost": 97.44,
      "total_revenue": 59811.36,
      "total_cost": 38196.48,
      "total_profit": 21614.88,
      "links": {
        "self": "https://kata-espublicotech.g3stiona.com:443/v1/orders/a54686f7-2db0-4b73-928d-9ed3e7affba8"
      }
    },
    {
      "uuid": "ba0c73aa-1cb0-4d2d-9c3d-ba7f2f15a097",
      "id": "205600392",
      "region": "Europe",
      "country": "Vatican City",
      "item_type": "Personal Care",
      "sales_channel": "Online",
      "priority": "M",
      "date": "9/17/2016",
      "ship_date": "9/27/2016",
      "units_sold": 580,
      "unit_price": 81.73,
      "unit_cost": 56.67,
      "total_revenue": 47403.4,
      "total_cost": 32868.6,
      "total_profit": 14534.8,
      "links": {
        "self": "https://kata-espublicotech.g3stiona.com:443/v1/orders/ba0c73aa-1cb0-4d2d-9c3d-ba7f2f15a097"
      }
    },
    {
      "uuid": "aff0faef-e726-4853-9f70-ccea7eaeaa98",
      "id": "265840232",
      "region": "Sub-Saharan Africa",
      "country": "Sao Tome and Principe",
      "item_type": "Cosmetics",
      "sales_channel": "Offline",
      "priority": "C",
      "date": "4/26/2017",
      "ship_date": "5/25/2017",
      "units_sold": 6887,
      "unit_price": 437.2,
      "unit_cost": 263.33,
      "total_revenue": 3010996.4,
      "total_cost": 1813553.71,
      "total_profit": 1197442.69,
      "links": {
        "self": "https://kata-espublicotech.g3stiona.com:443/v1/orders/aff0faef-e726-4853-9f70-ccea7eaeaa98"
      }
    },
    {
      "uuid": "d8aa193d-ff92-465b-8137-0fc5143012a5",
      "id": "923255670",
      "region": "Middle East and North Africa",
      "country": "Bahrain",
      "item_type": "Fruits",
      "sales_channel": "Offline",
      "priority": "L",
      "date": "8/29/2015",
      "ship_date": "10/2/2015",
      "units_sold": 724,
      "unit_price": 9.33,
      "unit_cost": 6.92,
      "total_revenue": 6754.92,
      "total_cost": 5010.08,
      "total_profit": 1744.84,
      "links": {
        "self": "https://kata-espublicotech.g3stiona.com:443/v1/orders/d8aa193d-ff92-465b-8137-0fc5143012a5"
      }
    },
    {
      "uuid": "60347d42-af34-41a2-9f32-9db6fd2df4f1",
      "id": "262270534",
      "region": "Central America and the Caribbean",
      "country": "Antigua and Barbuda ",
      "item_type": "Meat",
      "sales_channel": "Online",
      "priority": "C",
      "date": "4/26/2013",
      "ship_date": "5/14/2013",
      "units_sold": 534,
      "unit_price": 421.89,
      "unit_cost": 364.69,
      "total_revenue": 225289.26,
      "total_cost": 194744.46,
      "total_profit": 30544.8,
      "links": {
        "self": "https://kata-espublicotech.g3stiona.com:443/v1/orders/60347d42-af34-41a2-9f32-9db6fd2df4f1"
      }
    },
    {
      "uuid": "c3ab1797-c845-40a5-af36-16da2752fe60",
      "id": "487621152",
      "region": "Australia and Oceania",
      "country": "Papua New Guinea",
      "item_type": "Vegetables",
      "sales_channel": "Online",
      "priority": "C",
      "date": "12/12/2012",
      "ship_date": "1/21/2013",
      "units_sold": 6790,
      "unit_price": 154.06,
      "unit_cost": 90.93,
      "total_revenue": 1046067.4,
      "total_cost": 617414.7,
      "total_profit": 428652.7,
      "links": {
        "self": "https://kata-espublicotech.g3stiona.com:443/v1/orders/c3ab1797-c845-40a5-af36-16da2752fe60"
      }
    },
    {
      "uuid": "a8655990-ff11-44f6-8dd3-55e7677c4ae3",
      "id": "274356353",
      "region": "Sub-Saharan Africa",
      "country": "Lesotho",
      "item_type": "Vegetables",
      "sales_channel": "Online",
      "priority": "C",
      "date": "6/24/2014",
      "ship_date": "8/8/2014",
      "units_sold": 6996,
      "unit_price": 154.06,
      "unit_cost": 90.93,
      "total_revenue": 1077803.76,
      "total_cost": 636146.28,
      "total_profit": 441657.48,
      "links": {
        "self": "https://kata-espublicotech.g3stiona.com:443/v1/orders/a8655990-ff11-44f6-8dd3-55e7677c4ae3"
      }
    },
    {
      "uuid": "f5bc7af6-e7c5-4111-a858-ec24a0b0b7b1",
      "id": "617837464",
      "region": "Middle East and North Africa",
      "country": "Syria",
      "item_type": "Clothes",
      "sales_channel": "Online",
      "priority": "M",
      "date": "5/2/2011",
      "ship_date": "6/14/2011",
      "units_sold": 690,
      "unit_price": 109.28,
      "unit_cost": 35.84,
      "total_revenue": 75403.2,
      "total_cost": 24729.6,
      "total_profit": 50673.6,
      "links": {
        "self": "https://kata-espublicotech.g3stiona.com:443/v1/orders/f5bc7af6-e7c5-4111-a858-ec24a0b0b7b1"
      }
    },
    {
      "uuid": "824bfb25-5674-4ec6-9a64-487e47e9289c",
      "id": "783738315",
      "region": "Australia and Oceania",
      "country": "Tonga",
      "item_type": "Cereal",
      "sales_channel": "Offline",
      "priority": "L",
      "date": "12/5/2016",
      "ship_date": "1/4/2017",
      "units_sold": 4439,
      "unit_price": 205.7,
      "unit_cost": 117.11,
      "total_revenue": 913102.3,
      "total_cost": 519851.29,
      "total_profit": 393251.01,
      "links": {
        "self": "https://kata-espublicotech.g3stiona.com:443/v1/orders/824bfb25-5674-4ec6-9a64-487e47e9289c"
      }
    },
    {
      "uuid": "8b7b3707-d658-4d58-8d9d-e2c47a9997de",
      "id": "558045232",
      "region": "North America",
      "country": "Greenland",
      "item_type": "Fruits",
      "sales_channel": "Online",
      "priority": "H",
      "date": "6/16/2015",
      "ship_date": "7/3/2015",
      "units_sold": 6840,
      "unit_price": 9.33,
      "unit_cost": 6.92,
      "total_revenue": 63817.2,
      "total_cost": 47332.8,
      "total_profit": 16484.4,
      "links": {
        "self": "https://kata-espublicotech.g3stiona.com:443/v1/orders/8b7b3707-d658-4d58-8d9d-e2c47a9997de"
      }
    },
    {
      "uuid": "e2e4de71-70c7-4f00-99b1-7ccf0e1928c8",
      "id": "697057044",
      "region": "Sub-Saharan Africa",
      "country": "Mozambique",
      "item_type": "Personal Care",
      "sales_channel": "Offline",
      "priority": "H",
      "date": "2/9/2011",
      "ship_date": "2/13/2011",
      "units_sold": 3524,
      "unit_price": 81.73,
      "unit_cost": 56.67,
      "total_revenue": 288016.52,
      "total_cost": 199705.08,
      "total_profit": 88311.44,
      "links": {
        "self": "https://kata-espublicotech.g3stiona.com:443/v1/orders/e2e4de71-70c7-4f00-99b1-7ccf0e1928c8"
      }
    },
    {
      "uuid": "70b1af26-8532-4f61-a4a9-8d9bac6dfc28",
      "id": "677385079",
      "region": "Central America and the Caribbean",
      "country": "Saint Vincent and the Grenadines",
      "item_type": "Cereal",
      "sales_channel": "Offline",
      "priority": "M",
      "date": "9/17/2016",
      "ship_date": "9/19/2016",
      "units_sold": 2153,
      "unit_price": 205.7,
      "unit_cost": 117.11,
      "total_revenue": 442872.1,
      "total_cost": 252137.83,
      "total_profit": 190734.27,
      "links": {
        "self": "https://kata-espublicotech.g3stiona.com:443/v1/orders/70b1af26-8532-4f61-a4a9-8d9bac6dfc28"
      }
    }
  ],
  "links": {
    "prev": "https://kata-espublicotech.g3stiona.com:443/v1/orders?page=2&max-per-page=100",
    "self": "https://kata-espublicotech.g3stiona.com:443/v1/orders?page=3&max-per-page=100"
  }
}
