{
  "page": 2,
  "content": [
    {
      "uuid": "3a0764b5-8cb6-42a3-94ff-34d36e68184e",
      "id": "641770064",
      "region": "Sub-Saharan Africa",
      "country": "Democratic Republic of the Congo",
      "item_type": "Cosmetics",
      "sales_channel": "Offline",
      "priority": "M",
      "date": "7/30/2013",
      "ship_date": "8/25/2013",
      "units_sold": 2878,
      "unit_price": 437.2,
      "unit_cost": 263.33,
      "total_revenue": 1258261.6,
      "total_cost": 757863.74,
      "total_profit": 500397.86,
      "links": {
        "self": "https://kata-espublicotech.g3stiona.com:443/v1/orders/3a0764b5-8cb6-42a3-94ff-34d36e68184e"
      }
    },
    {
      "uuid": "f3bcc42a-2d66-45a3-b629-cc59c87d5908",
      "id": "484823930",
      "region": "Asia",
      "country": "Sri Lanka",
      "item_type": "Fruits",
      "sales_channel": "Online",
      "priority": "H",
      "date": "3/13/2017",
      "ship_date": "4/20/2017",
      "units_sold": 9030,
      "unit_price": 9.33,
      "unit_cost": 6.92,
      "total_revenue": 84249.9,
      "total_cost": 62487.6,
      "total_profit": 21762.3,
      "links": {
        "self": "https://kata-espublicotech.g3stiona.com:443/v1/orders/f3bcc42a-2d66-45a3-b629-cc59c87d5908"
      }
    },
    {
      "uuid": "63cd201d-3301-4dec-be2c-142d21b5dde2",
      "id": "547563159",
      "region": "Sub-Saharan Africa",
      "country": "Equatorial Guinea",
      "item_type": "Cereal",
      "sales_channel": "Online",
      "priority": "C",
      "date": "10/11/2010",
      "ship_date": "11/4/2010",
      "units_sold": 4962,
      "unit_price": 205.7,
      "unit_cost": 117.11,
      "total_revenue": 1020683.4,
      "total_cost": 581099.82,
      "total_profit": 439583.58,
      "links": {
        "self": "https://kata-espublicotech.g3stiona.com:443/v1/orders/63cd201d-3301-4dec-be2c-142d21b5dde2"
      }
    },
    {
      "uuid": "c604d31b-d9c9-48c4-b276-3be1562662bd",
      "id": "278474080",
      "region": "Middle East and North Africa",
      "country": "United Arab Emirates",
      "item_type": "Baby Food",
      "sales_channel": "Offline",
      "priority": "M",
      "date": "4/25/2017",
      "ship_date": "6/14/2017",
      "units_sold": 5523,
      "unit_price": 255.28,
      "unit_cost": 159.42,
      "total_revenue": 1409911.44,
      "total_cost": 880476.66,
      "total_profit": 529434.78,
      "links": {
        "self": "https://kata-espublicotech.g3stiona.com:443/v1/orders/c604d31b-d9c9-48c4-b276-3be1562662bd"
      }
    },
    {
      "uuid": "a01f6895-c378-4599-b0d3-5ff42fcd2004",
      "id": "996355521",
      "region": "Sub-Saharan Africa",
      "country": "Democratic Republic of the Congo",
      "item_type": "Snacks",
      "sales_channel": "Offline",
      "priority": "C",
      "date": "8/30/2011",
      "ship_date": "9/21/2011",
      "units_sold": 2595,
      "unit_price": 152.58,
      "unit_cost": 97.44,
      "total_revenue": 395945.1,
      "total_cost": 252856.8,
      "total_profit": 143088.3,
      "links": {
        "self": "https://kata-espublicotech.g3stiona.com:443/v1/orders/a01f6895-c378-4599-b0d3-5ff42fcd2004"
      }
    },
    {
      "uuid": "089fd202-6325-417c-98f7-f131f46535e0",
      "id": "940318810",
      "region": "Asia",
      "country": "South Korea",
      "item_type": "Household",
      "sales_channel": "Offline",
      "priority": "C",
      "date": "2/27/2015",
      "ship_date": "3/6/2015",
      "units_sold": 87,
      "unit_price": 668.27,
      "unit_cost": 502.54,
      "total_revenue": 58139.49,
      "total_cost": 43720.98,
      "total_profit": 14418.51,
      "links": {
        "self": "https://kata-espublicotech.g3stiona.com:443/v1/orders/089fd202-6325-417c-98f7-f131f46535e0"
      }
    },
    {
      "uuid": "694c7343-ed51-4aae-8f35-0395ac9e3b4d",
      "id": "219787776",
      "region": "Central America and the Caribbean",
      "country": "El Salvador",
      "item_type": "Cosmetics",
      "sales_channel": "Offline",
      "priority": "L",
      "date": "2/20/2016",
      "ship_date": "3/5/2016",
      "units_sold": 8942,
      "unit_price": 437.2,
      "unit_cost": 263.33,
      "total_revenue": 3909442.4,
      "total_cost": 2354696.86,
      "total_profit": 1554745.54,
      "links": {
        "self": "https://kata-espublicotech.g3stiona.com:443/v1/orders/694c7343-ed51-4aae-8f35-0395ac9e3b4d"
      }
    },
    {
      "uuid": "c4a986eb-b483-4b7d-9a1c-99d84048f773",
      "id": "364498746",
      "region": "Central America and the Caribbean",
      "country": "Antigua and Barbuda ",
      "item_type": "Vegetables",
      "sales_channel": "Online",
      "priority": "H",
      "date": "7/30/2011",
      "ship_date": "8/11/2011",
      "units_sold": 2134,
      "unit_price": 154.06,
      "unit_cost": 90.93,
      "total_revenue": 328764.04,
      "total_cost": 194044.62,
      "total_profit": 134719.42,
      "links": {
        "self": "https://kata-espublicotech.g3stiona.com:443/v1/orders/c4a986eb-b483-4b7d-9a1c-99d84048f773"
      }
    },
    {
      "uuid": "41f07e4a-910f-4b15-aa9b-e65555420b6f",
      "id": "274500548",
      "region": "North America",
      "country": "Greenland",
      "item_type": "Household",
      "sales_channel": "Online",
      "priority": "H",
      "date": "11/14/2010",
      "ship_date": "11/23/2010",
      "units_sold": 9667,
      "unit_price": 668.27,
      "unit_cost": 502.54,
      "total_revenue": 6460166.09,
      "total_cost": 4858054.18,
      "total_profit": 1602111.91,
      "links": {
        "self": "https://kata-espublicotech.g3stiona.com:443/v1/orders/41f07e4a-910f-4b15-aa9b-e65555420b6f"
      }
    },
    {
      "uuid": "d0c1b98c-3dd4-4921-825f-6a098e5b7e49",
      "id": "270154511",
      "region": "Asia",
      "country": "Kazakhstan",
      "item_type": "Baby Food",
      "sales_channel": "Online",
      "priority": "H",
      "date": "11/25/2016",
      "ship_date": "12/22/2016",
      "units_sold": 3578,
      "unit_price": 255.28,
      "unit_cost": 159.42,
      "total_revenue": 913391.84,
      "total_cost": 570404.76,
      "total_profit": 342987.08,
      "links": {
        "self": "https://kata-espublicotech.g3stiona.com:443/v1/orders/d0c1b98c-3dd4-4921-825f-6a098e5b7e49"
      }
    },
    {
      "uuid": "7d27cc3b-a18d-43a7-a88c-8245e242066f",
      "id": "742134463",
      "region": "Australia and Oceania",
      "country": "Papua New Guinea",
      "item_type": "Personal Care",
      "sales_channel": "Online",
      "priority": "H",
      "date": "9/12/2014",
      "ship_date": "10/8/2014",
      "units_sold": 2934,
      "unit_price": 81.73,
      "unit_cost": 56.67,
      "total_revenue": 239795.82,
      "total_cost": 166269.78,
      "total_profit": 73526.04,
      "links": {
        "self": "https://kata-espublicotech.g3stiona.com:443/v1/orders/7d27cc3b-a18d-43a7-a88c-8245e242066f"
      }
    },
    {
      "uuid": "e5b4596a-0ff3-4e55-9d80-e7e6277b2256",
      "id": "801426732",
      "region": "Asia",
      "country": "Myanmar",
      "item_type": "Cosmetics",
      "sales_channel": "Online",
      "priority": "C",
      "date": "1/21/2013",
      "ship_date": "2/19/2013",
      "units_sold": 8834,
      "unit_price": 437.2,
      "unit_cost": 263.33,
      "total_revenue": 3862224.8,
      "total_cost": 2326257.22,
      "total_profit": 1535967.58,
      "links": {
        "self": "https://kata-espublicotech.g3stiona.com:443/v1/orders/e5b4596a-0ff3-4e55-9d80-e7e6277b2256"
      }
    },
    {
      "uuid": "67afda7f-481b-4afd-8f47-655bd56ca81c",
      "id": "529330146",
      "region": "Central America and the Caribbean",
      "country": "Costa Rica",
      "item_type": "Beverages",
      "sales_channel": "Offline",
      "priority": "H",
      "date": "6/30/2010",
      "ship_date": "8/16/2010",
      "units_sold": 9408,
      "unit_price": 47.45,
      "unit_cost": 31.79,
      "total_revenue": 446409.6,
      "total_cost": 299080.32,
      "total_profit": 147329.28,
      "links": {
        "self": "https://kata-espublicotech.g3stiona.com:443/v1/orders/67afda7f-481b-4afd-8f47-655bd56ca81c"
      }
    },
    {
      "uuid": "718caf64-f789-437c-afab-aea11bc54211",
      "id": "527456033",
      "region": "Europe",
      "country": "Serbia",
      "item_type": "Office Supplies",
      "sales_channel": "Offline",
      "priority": "C",
      "date": "2/26/2014",
      "ship_date": "3/2/2014",
      "units_sold": 4816,
      "unit_price": 651.21,
      "unit_cost": 524.96,
      "total_revenue": 3136227.36,
      "total_cost": 2528207.36,
      "total_profit": 608020.0,
      "links": {
        "self": "https://kata-espublicotech.g3stiona.com:443/v1/orders/718caf64-f789-437c-afab-aea11bc54211"
      }
    },
    {
      "uuid": "75479f1c-822b-4b3f-884f-c519b79f9ed1",
      "id": "567728221",
      "region": "Europe",
      "country": "Albania",
      "item_type": "Meat",
      "sales_channel": "Offline",
      "priority": "M",
      "date": "4/26/2013",
      "ship_date": "5/12/2013",
      "units_sold": 2252,
      "unit_price": 421.89,
      "unit_cost": 364.69,
      "total_revenue": 950096.28,
      "total_cost": 821281.88,
      "total_profit": 128814.4,
      "links": {
        "self": "https://kata-espublicotech.g3stiona.com:443/v1/orders/75479f1c-822b-4b3f-884f-c519b79f9ed1"
      }
    },
    {
      "uuid": "f16894ec-8e95-410c-b5f2-17435c6700b5",
      "id": "942383038",
      "region": "Europe",
      "country": "Armenia",
      "item_type": "Clothes",
      "sales_channel": "Offline",
      "priority": "C",
      "date": "6/23/2013",
      "ship_date": "6/29/2013",
      "units_sold": 938,
      "unit_price": 109.28,
      "unit_cost": 35.84,
      "total_revenue": 102504.64,
      "total_cost": 33617.92,
      "total_profit": 68886.72,
      "links": {
        "self": "https://kata-espublicotech.g3stiona.com:443/v1/orders/f16894ec-8e95-410c-b5f2-17435c6700b5"
      }
    },
    {
      "uuid": "0b53f8ba-1128-4e09-831b-b7718748ed23",
      "id": "213969314",
      "region": "Middle East and North Africa",
      "country": "Somalia",
      "item_type": "Snacks",
      "sales_channel": "Online",
      "priority": "C",
      "date": "5/26/2017",
      "ship_date": "7/7/2017",
      "units_sold": 7130,
      "unit_price": 152.58,
      "unit_cost": 97.44,
      "total_revenue": 1087895.4,
      "total_cost": 694747.2,
      "total_profit": 393148.2,
      "links": {
        "self": "https://kata-espublicotech.g3stiona.com:443/v1/orders/0b53f8ba-1128-4e09-831b-b7718748ed23"
      }
    },
    {
      "uuid": "af68490b-4e73-4545-ae79-48df4d0e3b11",
      "id": "165348374",
      "region": "Sub-Saharan Africa",
      "country": "Kenya",
      "item_type": "Cereal",
      "sales_channel": "Offline",
      "priority": "M",
      "date": "10/10/2013",
      "ship_date": "11/27/2013",
      "units_sold": 9113,
      "unit_price": 205.7,
      "unit_cost": 117.11,
      "total_revenue": 1874544.1,
      "total_cost": 1067223.43,
      "total_profit": 807320.67,
      "links": {
        "self": "https://kata-espublicotech.g3stiona.com:443/v1/orders/af68490b-4e73-4545-ae79-48df4d0e3b11"
      }
    },
    {
      "uuid": "ba6a45ba-8fdf-446d-83b0-fce257bbefd6",
      "id": "849694049",
      "region": "Sub-Saharan Africa",
      "country": "Zambia",
      "item_type": "Cosmetics",
      "sales_channel": "Online",
      "priority": "M",
      "date": "4/16/2011",
      "ship_date": "5/29/2011",
      "units_sold": 2206,
      "unit_price": 437.2,
      "unit_cost": 263.33,
      "total_revenue": 964463.2,
      "total_cost": 580905.98,
      "total_profit": 383557.22,
      "links": {
        "self": "https://kata-espublicotech.g3stiona.com:443/v1/orders/ba6a45ba-8fdf-446d-83b0-fce257bbefd6"
      }
    },
    {
      "uuid": "813a1e9d-8816-4604-8131-9deac87f936d",
      "id": "140492665",
      "region": "North America",
      "country": "Canada",
      "item_type": "Cosmetics",
      "sales_channel": "Online",
      "priority": "C",
      "date": "2/14/2012",
      "ship_date": "2/18/2012",
      "units_sold": 3757,
      "unit_price": 437.2,
      "unit_cost": 263.33,
      "total_revenue": 1642560.4,
      "total_cost": 989330.81,
      "total_profit": 653229.59,
      "links": {
        "self": "https://kata-espublicotech.g3stiona.com:443/v1/orders/813a1e9d-8816-4604-8131-9deac87f936d"
      }
    },
    {
      "uuid": "1eebe450-0a71-4d66-8e20-dff995690052",
      "id": "481543052",
      "region": "Australia and Oceania",
      "country": "Marshall Islands",
      "item_type": "Personal Care",
      "sales_channel": "Online",
      "priority": "L",
      "date": "9/23/2015",
      "ship_date": "9/24/2015",
      "units_sold": 8145,
      "unit_price": 81.73,
      "unit_cost": 56.67,
      "total_revenue": 665690.85,
      "total_cost": 461577.15,
      "total_profit": 204113.7,
      "links": {
        "self": "https://kata-espublicotech.g3stiona.com:443/v1/orders/1eebe450-0a71-4d66-8e20-dff995690052"
      }
    },
    {
      "uuid": "36d71893-b8fe-45e4-b784-9e7595f21ccc",
      "id": "336956536",
      "region": "Europe",
      "country": "Estonia",
      "item_type": "Vegetables",
      "sales_channel": "Online",
      "priority": "L",
      "date": "1/20/2015",
      "ship_date": "2/4/2015",
      "units_sold": 1782,
      "unit_price": 154.06,
      "unit_cost": 90.93,
      "total_revenue": 274534.92,
      "total_cost": 162037.26,
      "total_profit": 112497.66,
      "links": {
        "self": "https://kata-espublicotech.g3stiona.com:443/v1/orders/36d71893-b8fe-45e4-b784-9e7595f21ccc"
      }
    },
    {
      "uuid": "7261b2ab-c913-41f7-947e-0454c40be414",
      "id": "941156947",
      "region": "Europe",
      "country": "Armenia",
      "item_type": "Snacks",
      "sales_channel": "Offline",
      "priority": "M",
      "date": "6/23/2015",
      "ship_date": "7/6/2015",
      "units_sold": 8110,
      "unit_price": 152.58,
      "unit_cost": 97.44,
      "total_revenue": 1237423.8,
      "total_cost": 790238.4,
      "total_profit": 447185.4,
      "links": {
        "self": "https://kata-espublicotech.g3stiona.com:443/v1/orders/7261b2ab-c913-41f7-947e-0454c40be414"
      }
    },
    {
      "uuid": "3d60ac38-c496-410e-970e-6bb2d9f326d5",
      "id": "448880612",
      "region": "Middle East and North Africa",
      "country": "Syria",
      "item_type": "Snacks",
      "sales_channel": "Online",
      "priority": "M",
      "date": "11/9/2015",
      "ship_date": "12/9/2015",
      "units_sold": 2603,
      "unit_price": 152.58,
      "unit_cost": 97.44,
      "total_revenue": 397165.74,
      "total_cost": 253636.32,
      "total_profit": 143529.42,
      "links": {
        "self": "https://kata-espublicotech.g3stiona.com:443/v1/orders/3d60ac38-c496-410e-970e-6bb2d9f326d5"
      }
    },
    {
      "uuid": "95e21c53-7ac7-4ec7-b354-62094c290a72",
      "id": "685176360",
      "region": "Asia",
      "country": "Myanmar",
      "item_type": "Office Supplies",
      "sales_channel": "Offline",
      "priority": "C",
      "date": "5/4/2012",
      "ship_date": "6/8/2012",
      "units_sold": 7766,
      "unit_price": 651.21,
      "unit_cost": 524.96,
      "total_revenue": 5057296.86,
      "total_cost": 4076839.36,
      "total_profit": 980457.5,
      "links": {
        "self": "https://kata-espublicotech.g3stiona.com:443/v1/orders/95e21c53-7ac7-4ec7-b354-62094c290a72"
      }
    },
    {
      "uuid": "8123f2ee-535e-4003-a8fe-00b090278fdb",
      "id": "395405519",
      "region": "Central America and the Caribbean",
      "country": "The Bahamas",
      "item_type": "Office Supplies",
      "sales_channel": "Online",
      "priority": "L",
      "date": "4/13/2017",
      "ship_date": "4/26/2017",
      "units_sold": 8135,
      "unit_price": 651.21,
      "unit_cost": 524.96,
      "total_revenue": 5297593.35,
      "total_cost": 4270549.6,
      "total_profit": 1027043.75,
      "links": {
        "self": "https://kata-espublicotech.g3stiona.com:443/v1/orders/8123f2ee-535e-4003-a8fe-00b090278fdb"
      }
    },
    {
      "uuid": "8febf2cd-6c60-4463-8b27-7d39df50fe03",
      "id": "195241916",
      "region": "Sub-Saharan Africa",
      "country": "Madagascar",
      "item_type": "Household",
      "sales_channel": "Offline",
      "priority": "C",
      "date": "1/7/2010",
      "ship_date": "2/12/2010",
      "units_sold": 5276,
      "unit_price": 668.27,
      "unit_cost": 502.54,
      "total_revenue": 3525792.52,
      "total_cost": 2651401.04,
      "total_profit": 874391.48,
      "links": {
        "self": "https://kata-espublicotech.g3stiona.com:443/v1/orders/8febf2cd-6c60-4463-8b27-7d39df50fe03"
      }
    },
    {
      "uuid": "f145d00e-82fe-4100-b0c5-0e4cfefa2bf6",
      "id": "320671880",
      "region": "Sub-Saharan Africa",
      "country": "Niger",
      "item_type": "Clothes",
      "sales_channel": "Offline",
      "priority": "C",
      "date": "5/25/2016",
      "ship_date": "7/5/2016",
      "units_sold": 2790,
      "unit_price": 109.28,
      "unit_cost": 35.84,
      "total_revenue": 304891.2,
      "total_cost": 99993.6,
      "total_profit": 204897.6,
      "links": {
        "self": "https://kata-espublicotech.g3stiona.com:443/v1/orders/f145d00e-82fe-4100-b0c5-0e4cfefa2bf6"
      }
    },
    {
      "uuid": "8bfa4ced-e079-4479-9a96-6413d10581e2",
      "id": "177994239",
      "region": "Asia",
      "country": "Mongolia",
      "item_type": "Meat",
      "sales_channel": "Offline",
      "priority": "H",
      "date": "2/7/2014",
      "ship_date": "3/29/2014",
      "units_sold": 1306,
      "unit_price": 421.89,
      "unit_cost": 364.69,
      "total_revenue": 550988.34,
      "total_cost": 476285.14,
      "total_profit": 74703.2,
      "links": {
        "self": "https://kata-espublicotech.g3stiona.com:443/v1/orders/8bfa4ced-e079-4479-9a96-6413d10581e2"
      }
    },
    {
      "uuid": "25ab56d3-8d31-4eae-81d9-4be2c1bfda89",
      "id": "593820321",
      "region": "Sub-Saharan Africa",
      "country": "Seychelles ",
      "item_type": "Vegetables",
      "sales_channel": "Online",
      "priority": "H",
      "date": "3/4/2012",
      "ship_date": "3/4/2012",
      "units_sold": 3484,
      "unit_price": 154.06,
      "unit_cost": 90.93,
      "total_revenue": 536745.04,
      "total_cost": 316800.12,
      "total_profit": 219944.92,
      "links": {
        "self": "https://kata-espublicotech.g3stiona.com:443/v1/orders/25ab56d3-8d31-4eae-81d9-4be2c1bfda89"
      }
    },
    {
      "uuid": "e211b17a-f695-4f5d-85f7-13304ef366fe",
      "id": "665073955",
      "region": "Sub-Saharan Africa",
      "country": "Sierra Leone",
      "item_type": "Snacks",
      "sales_channel": "Offline",
      "priority": "L",
      "date": "12/5/2016",
      "ship_date": "12/24/2016",
      "units_sold": 9017,
      "unit_price": 152.58,
      "unit_cost": 97.44,
      "total_revenue": 1375813.86,
      "total_cost": 878616.48,
      "total_profit": 497197.38,
      "links": {
        "self": "https://kata-espublicotech.g3stiona.com:443/v1/orders/e211b17a-f695-4f5d-85f7-13304ef366fe"
      }
    },
    {
      "uuid": "ff1870da-b798-42d0-8e26-a9b762f7a51b",
      "id": "908991467",
      "region": "Sub-Saharan Africa",
      "country": "Cape Verde",
      "item_type": "Vegetables",
      "sales_channel": "Online",
      "priority": "L",
      "date": "1/14/2013",
      "ship_date": "2/27/2013",
      "units_sold": 9630,
      "unit_price": 154.06,
      "unit_cost": 90.93,
      "total_revenue": 1483597.8,
      "total_cost": 875655.9,
      "total_profit": 607941.9,
      "links": {
        "self": "https://kata-espublicotech.g3stiona.com:443/v1/orders/ff1870da-b798-42d0-8e26-a9b762f7a51b"
      }
    },
    {
      "uuid": "d71e9aae-5b45-4a81-a5bf-61e87251a5c8",
      "id": "113121688",
      "region": "Europe",
      "country": "Denmark",
      "item_type": "Cosmetics",
      "sales_channel": "Online",
      "priority": "M",
      "date": "9/24/2012",
      "ship_date": "9/26/2012",
      "units_sold": 4076,
      "unit_price": 437.2,
      "unit_cost": 263.33,
      "total_revenue": 1782027.2,
      "total_cost": 1073333.08,
      "total_profit": 708694.12,
      "links": {
        "self": "https://kata-espublicotech.g3stiona.com:443/v1/orders/d71e9aae-5b45-4a81-a5bf-61e87251a5c8"
      }
    },
    {
      "uuid": "fbc69a77-5b81-432e-973a-dfeaabddfa36",
      "id": "285325944",
      "region": "Central America and the Caribbean",
      "country": "Saint Kitts and Nevis ",
      "item_type": "Meat",
      "sales_channel": "Online",
      "priority": "L",
      "date": "3/3/2014",
      "ship_date": "4/7/2014",
      "units_sold": 3142,
      "unit_price": 421.89,
      "unit_cost": 364.69,
      "total_revenue": 1325578.38,
      "total_cost": 1145855.98,
      "total_profit": 179722.4,
      "links": {
        "self": "https://kata-espublicotech.g3stiona.com:443/v1/orders/fbc69a77-5b81-432e-973a-dfeaabddfa36"
      }
    },
    {
      "uuid": "643a13cf-540f-424a-84ab-5349697cf8a7",
      "id": "803778064",
      "region": "Sub-Saharan Africa",
      "country": "Tanzania",
      "item_type": "Clothes",
      "sales_channel": "Offline",
      "priority": "C",
      "date": "10/11/2012",
      "ship_date": "10/30/2012",
      "units_sold": 4646,
      "unit_price": 109.28,
      "unit_cost": 35.84,
      "total_revenue": 507714.88,
      "total_cost": 166512.64,
      "total_profit": 341202.24,
      "links": {
        "self": "https://kata-espublicotech.g3stiona.com:443/v1/orders/643a13cf-540f-424a-84ab-5349697cf8a7"
      }
    },
    {
      "uuid": "40a1084f-e35e-48b3-9241-fa471a52420e",
      "id": "666964375",
      "region": "Middle East and North Africa",
      "country": "Syria",
      "item_type": "Household",
      "sales_channel": "Offline",
      "priority": "L",
      "date": "8/20/2012",
      "ship_date": "10/8/2012",
      "units_sold": 8435,
      "unit_price": 668.27,
      "unit_cost": 502.54,
      "total_revenue": 5636857.45,
      "total_cost": 4238924.9,
      "total_profit": 1397932.55,
      "links": {
        "self": "https://kata-espublicotech.g3stiona.com:443/v1/orders/40a1084f-e35e-48b3-9241-fa471a52420e"
      }
    },
    {
      "uuid": "fe1e723d-71c4-4f01-bf0a-6dbdb35e3c75",
      "id": "743683707",
      "region": "Middle East and North Africa",
      "country": "Saudi Arabia",
      "item_type": "Meat",
      "sales_channel": "Online",
      "priority": "M",
      "date": "2/2/2015",
      "ship_date": "2/4/2015",
      "units_sold": 1390,
      "unit_price": 421.89,
      "unit_cost": 364.69,
      "total_revenue": 586427.1,
      "total_cost": 506919.1,
      "total_profit": 79508.0,
      "links": {
        "self": "https://kata-espublicotech.g3stiona.com:443/v1/orders/fe1e723d-71c4-4f01-bf0a-6dbdb35e3c75"
      }
    },
    {
      "uuid": "bc8df2c7-631b-451b-9f23-7eafb24f7209",
      "id": "623047387",
      "region": "Europe",
      "country": "Bulgaria",
      "item_type": "Cereal",
      "sales_channel": "Offline",
      "priority": "C",
      "date": "12/25/2014",
      "ship_date": "1/18/2015",
      "units_sold": 2422,
      "unit_price": 205.7,
      "unit_cost": 117.11,
      "total_revenue": 498205.4,
      "total_cost": 283640.42,
      "total_profit": 214564.98,
      "links": {
        "self": "https://kata-espublicotech.g3stiona.com:443/v1/orders/bc8df2c7-631b-451b-9f23-7eafb24f7209"
      }
    },
    {
      "uuid": "bbf463f8-0a11-4772-a30f-66fdeda5c2fc",
      "id": "864479243",
      "region": "Europe",
      "country": "Armenia",
      "item_type": "Office Supplies",
      "sales_channel": "Online",
      "priority": "M",
      "date": "1/2/2012",
      "ship_date": "2/17/2012",
      "units_sold": 7474,
      "unit_price": 651.21,
      "unit_cost": 524.96,
      "total_revenue": 4867143.54,
      "total_cost": 3923551.04,
      "total_profit": 943592.5,
      "links": {
        "self": "https://kata-espublicotech.g3stiona.com:443/v1/orders/bbf463f8-0a11-4772-a30f-66fdeda5c2fc"
      }
    },
    {
      "uuid": "1dbd2304-5997-437f-bc68-58f7e8278cb1",
      "id": "747715604",
      "region": "Sub-Saharan Africa",
      "country": "Sudan",
      "item_type": "Baby Food",
      "sales_channel": "Online",
      "priority": "H",
      "date": "6/27/2014",
      "ship_date": "7/8/2014",
      "units_sold": 4518,
      "unit_price": 255.28,
      "unit_cost": 159.42,
      "total_revenue": 1153355.04,
      "total_cost": 720259.56,
      "total_profit": 433095.48,
      "links": {
        "self": "https://kata-espublicotech.g3stiona.com:443/v1/orders/1dbd2304-5997-437f-bc68-58f7e8278cb1"
      }
    },
    {
      "uuid": "f727ab18-8a84-4773-a95d-73bd2afcc5ce",
      "id": "522805297",
      "region": "Middle East and North Africa",
      "country": "Morocco",
      "item_type": "Snacks",
      "sales_channel": "Offline",
      "priority": "M",
      "date": "11/22/2012",
      "ship_date": "11/28/2012",
      "units_sold": 8560,
      "unit_price": 152.58,
      "unit_cost": 97.44,
      "total_revenue": 1306084.8,
      "total_cost": 834086.4,
      "total_profit": 471998.4,
      "links": {
        "self": "https://kata-espublicotech.g3stiona.com:443/v1/orders/f727ab18-8a84-4773-a95d-73bd2afcc5ce"
      }
    },
    {
      "uuid": "ae2f190b-d0c6-4dd3-827a-abaa687ae3c8",
      "id": "960109651",
      "region": "Middle East and North Africa",
      "country": "Yemen",
      "item_type": "Vegetables",
      "sales_channel": "Online",
      "priority": "C",
      "date": "11/26/2013",
      "ship_date": "12/21/2013",
      "units_sold": 6636,
      "unit_price": 154.06,
      "unit_cost": 90.93,
      "total_revenue": 1022342.16,
      "total_cost": 603411.48,
      "total_profit": 418930.68,
      "links": {
        "self": "https://kata-espublicotech.g3stiona.com:443/v1/orders/ae2f190b-d0c6-4dd3-827a-abaa687ae3c8"
      }
    },
    {
      "uuid": "a21ce329-a4a9-49fe-8ec4-c1a665841385",
      "id": "200302493",
      "region": "Europe",
      "country": "Netherlands",
      "item_type": "Cosmetics",
      "sales_channel": "Online",
      "priority": "L",
      "date": "11/21/2013",
      "ship_date": "11/25/2013",
      "units_sold": 2814,
      "unit_price": 437.2,
      "unit_cost": 263.33,
      "total_revenue": 1230280.8,
      "total_cost": 741010.62,
      "total_profit": 489270.18,
      "links": {
        "self": "https://kata-espublicotech.g3stiona.com:443/v1/orders/a21ce329-a4a9-49fe-8ec4-c1a665841385"
      }
    },
    {
      "uuid": "0e36e422-bf92-4aa2-9181-6645f0dd9ecb",
      "id": "504370152",
      "region": "Asia",
      "country": "Cambodia",
      "item_type": "Household",
      "sales_channel": "Offline",
      "priority": "C",
      "date": "4/21/2010",
      "ship_date": "6/2/2010",
      "units_sold": 3191,
      "unit_price": 668.27,
      "unit_cost": 502.54,
      "total_revenue": 2132449.57,
      "total_cost": 1603605.14,
      "total_profit": 528844.43,
      "links": {
        "self": "https://kata-espublicotech.g3stiona.com:443/v1/orders/0e36e422-bf92-4aa2-9181-6645f0dd9ecb"
      }
    },
    {
      "uuid": "d0e88c57-8a03-4126-9163-1b5715d8306c",
      "id": "603611457",
      "region": "Central America and the Caribbean",
      "country": "Trinidad and Tobago",
      "item_type": "Vegetables",
      "sales_channel": "Online",
      "priority": "M",
      "date": "1/3/2013",
      "ship_date": "1/25/2013",
      "units_sold": 899,
      "unit_price": 154.06,
      "unit_cost": 90.93,
      "total_revenue": 138499.94,
      "total_cost": 81746.07,
      "total_profit": 56753.87,
      "links": {
        "self": "https://kata-espublicotech.g3stiona.com:443/v1/orders/d0e88c57-8a03-4126-9163-1b5715d8306c"
      }
    },
    {
      "uuid": "db43b00e-f1c2-4af8-9deb-29bd46f322d4",
      "id": "649637734",
      "region": "Australia and Oceania",
      "country": "East Timor",
      "item_type": "Office Supplies",
      "sales_channel": "Offline",
      "priority": "C",
      "date": "3/23/2010",
      "ship_date": "5/10/2010",
      "units_sold": 1097,
      "unit_price": 651.21,
      "unit_cost": 524.96,
      "total_revenue": 714377.37,
      "total_cost": 575881.12,
      "total_profit": 138496.25,
      "links": {
        "self": "https://kata-espublicotech.g3stiona.com:443/v1/orders/db43b00e-f1c2-4af8-9deb-29bd46f322d4"
      }
    },
    {
      "uuid": "a9d8e088-8084-47e0-9d8f-2af57956c38b",
      "id": "864372813",
      "region": "Sub-Saharan Africa",
      "country": "Kenya",
      "item_type": "Cosmetics",
      "sales_channel": "Online",
      "priority": "H",
      "date": "2/27/2010",
      "ship_date": "3/3/2010",
      "units_sold": 5979,
      "unit_price": 437.2,
      "unit_cost": 263.33,
      "total_revenue": 2614018.8,
      "total_cost": 1574450.07,
      "total_profit": 1039568.73,
      "links": {
        "self": "https://kata-espublicotech.g3stiona.com:443/v1/orders/a9d8e088-8084-47e0-9d8f-2af57956c38b"
      }
    },
    {
      "uuid": "eccd34d2-3196-4ae8-b9af-9d980bb65891",
      "id": "190053021",
      "region": "Asia",
      "country": "South Korea",
      "item_type": "Clothes",
      "sales_channel": "Offline",
      "priority": "C",
      "date": "7/10/2014",
      "ship_date": "8/25/2014",
      "units_sold": 9767,
      "unit_price": 109.28,
      "unit_cost": 35.84,
      "total_revenue": 1067337.76,
      "total_cost": 350049.28,
      "total_profit": 717288.48,
      "links": {
        "self": "https://kata-espublicotech.g3stiona.com:443/v1/orders/eccd34d2-3196-4ae8-b9af-9d980bb65891"
      }
    },
    {
      "uuid": "57708a3a-5a82-4719-86be-9a729ee7f0f3",
      "id": "339227187",
      "region": "Australia and Oceania",
      "country": "Tonga",
      "item_type": "Fruits",
      "sales_channel": "Offline",
      "priority": "M",
      "date": "9/21/2014",
      "ship_date": "9/29/2014",
      "units_sold": 3718,
      "unit_price": 9.33,
      "unit_cost": 6.92,
      "total_revenue": 34688.94,
      "total_cost": 25728.56,
      "total_profit": 8960.38,
      "links": {
        "self": "https://kata-espublicotech.g3stiona.com:443/v1/orders/57708a3a-5a82-4719-86be-9a729ee7f0f3"
      }
    },
    {
      "uuid": "cedd4287-81dc-4778-a209-3708de081904",
      "id": "844756639",
      "region": "Sub-Saharan Africa",
      "country": "Cape Verde",
      "item_type": "Meat",
      "sales_channel": "Offline",
      "priority": "L",
      "date": "10/21/2010",
      "ship_date": "12/8/2010",
      "units_sold": 1117,
      "unit_price": 421.89,
      "unit_cost": 364.69,
      "total_revenue": 471251.13,
      "total_cost": 407358.73,
      "total_profit": 63892.4,
      "links": {
        "self": "https://kata-espublicotech.g3stiona.com:443/v1/orders/cedd4287-81dc-4778-a209-3708de081904"
      }
    },
    {
      "uuid": "c6d31657-8d7c-4f2e-a0d7-051ab74b1eb7",
      "id": "409815204",
      "region": "Sub-Saharan Africa",
      "country": "Central African Republic",
      "item_type": "Household",
      "sales_channel": "Online",
      "priority": "M",
      "date": "3/31/2015",
      "ship_date": "4/4/2015",
      "units_sold": 2281,
      "unit_price": 668.27,
      "unit_cost": 502.54,
      "total_revenue": 1524323.87,
      "total_cost": 1146293.74,
      "total_profit": 378030.13,
      "links": {
        "self": "https://kata-espublicotech.g3stiona.com:443/v1/orders/c6d31657-8d7c-4f2e-a0d7-051ab74b1eb7"
      }
    },
    {
      "uuid": "abf56400-7b9c-4961-be77-a651cc989e87",
      "id": "957889211",
      "region": "Europe",
      "country": "Latvia",
      "item_type": "Meat",
      "sales_channel": "Online",
      "priority": "M",
      "date": "4/16/2011",
      "ship_date": "5/18/2011",
      "units_sold": 9559,
      "unit_price": 421.89,
      "unit_cost": 364.69,
      "total_revenue": 4032846.51,
      "total_cost": 3486071.71,
      "total_profit": 546774.8,
      "links": {
        "self": "https://kata-espublicotech.g3stiona.com:443/v1/orders/abf56400-7b9c-4961-be77-a651cc989e87"
      }
    },
    {
      "uuid": "5ce80a56-3e98-4b07-9157-9da75ad9d46f",
      "id": "882777488",
      "region": "Central America and the Caribbean",
      "country": "El Salvador",
      "item_type": "Household",
      "sales_channel": "Online",
      "priority": "M",
      "date": "4/28/2017",
      "ship_date": "5/21/2017",
      "units_sold": 2331,
      "unit_price": 668.27,
      "unit_cost": 502.54,
      "total_revenue": 1557737.37,
      "total_cost": 1171420.74,
      "total_profit": 386316.63,
      "links": {
        "self": "https://kata-espublicotech.g3stiona.com:443/v1/orders/5ce80a56-3e98-4b07-9157-9da75ad9d46f"
      }
    },
    {
      "uuid": "7fc8056e-7d1f-417d-a413-cccab50b6794",
      "id": "898591363",
      "region": "Australia and Oceania",
      "country": "Papua New Guinea",
      "item_type": "Beverages",
      "sales_channel": "Offline",
      "priority": "M",
      "date": "12/9/2014",
      "ship_date": "1/13/2015",
      "units_sold": 2008,
      "unit_price": 47.45,
      "unit_cost": 31.79,
      "total_revenue": 95279.6,
      "total_cost": 63834.32,
      "total_profit": 31445.28,
      "links": {
        "self": "https://kata-espublicotech.g3stiona.com:443/v1/orders/7fc8056e-7d1f-417d-a413-cccab50b6794"
      }
    },
    {
      "uuid": "5a81826b-aad4-4952-9193-9207b621e7b7",
      "id": "889754664",
      "region": "Central America and the Caribbean",
      "country": "Grenada",
      "item_type": "Beverages",
      "sales_channel": "Offline",
      "priority": "C",
      "date": "4/17/2013",
      "ship_date": "4/27/2013",
      "units_sold": 7032,
      "unit_price": 47.45,
      "unit_cost": 31.79,
      "total_revenue": 333668.4,
      "total_cost": 223547.28,
      "total_profit": 110121.12,
      "links": {
        "self": "https://kata-espublicotech.g3stiona.com:443/v1/orders/5a81826b-aad4-4952-9193-9207b621e7b7"
      }
    },
    {
      "uuid": "c79ce4c6-fc83-46fc-b372-866e8c57248f",
      "id": "361003720",
      "region": "Europe",
      "country": "Portugal",
      "item_type": "Cereal",
      "sales_channel": "Online",
      "priority": "M",
      "date": "1/14/2015",
      "ship_date": "1/21/2015",
      "units_sold": 7878,
      "unit_price": 205.7,
      "unit_cost": 117.11,
      "total_revenue": 1620504.6,
      "total_cost": 922592.58,
      "total_profit": 697912.02,
      "links": {
        "self": "https://kata-espublicotech.g3stiona.com:443/v1/orders/c79ce4c6-fc83-46fc-b372-866e8c57248f"
      }
    },
    {
      "uuid": "78da1818-643f-48e2-a468-414ce5c20f00",
      "id": "687387359",
      "region": "Sub-Saharan Africa",
      "country": "Togo",
      "item_type": "Baby Food",
      "sales_channel": "Online",
      "priority": "M",
      "date": "7/13/2012",
      "ship_date": "8/5/2012",
      "units_sold": 2050,
      "unit_price": 255.28,
      "unit_cost": 159.42,
      "total_revenue": 523324.0,
      "total_cost": 326811.0,
      "total_profit": 196513.0,
      "links": {
        "self": "https://kata-espublicotech.g3stiona.com:443/v1/orders/78da1818-643f-48e2-a468-414ce5c20f00"
      }
    },
    {
      "uuid": "e85836f9-b278-4f87-b4bc-16e5dc0bb0ad",
      "id": "164266908",
      "region": "Middle East and North Africa",
      "country": "Bahrain",
      "item_type": "Snacks",
      "sales_channel": "Offline",
      "priority": "H",
      "date": "5/4/2014",
      "ship_date": "5/19/2014",
      "units_sold": 9083,
      "unit_price": 152.58,
      "unit_cost": 97.44,
      "total_revenue": 1385884.14,
      "total_cost": 885047.52,
      "total_profit": 500836.62,
      "links": {
        "self": "https://kata-espublicotech.g3stiona.com:443/v1/orders/e85836f9-b278-4f87-b4bc-16e5dc0bb0ad"
      }
    },
    {
      "uuid": "8947ced2-57b6-454a-bdc0-71af56ff0fc9",
      "id": "757316195",
      "region": "Sub-Saharan Africa",
      "country": "Uganda",
      "item_type": "Cereal",
      "sales_channel": "Offline",
      "priority": "M",
      "date": "3/2/2011",
      "ship_date": "4/2/2011",
      "units_sold": 5546,
      "unit_price": 205.7,
      "unit_cost": 117.11,
      "total_revenue": 1140812.2,
      "total_cost": 649492.06,
      "total_profit": 491320.14,
      "links": {
        "self": "https://kata-espublicotech.g3stiona.com:443/v1/orders/8947ced2-57b6-454a-bdc0-71af56ff0fc9"
      }
    },
    {
      "uuid": "d094482c-e07d-4cc4-bc7e-7861a65555db",
      "id": "452521550",
      "region": "Central America and the Caribbean",
      "country": "Saint Kitts and Nevis ",
      "item_type": "Snacks",
      "sales_channel": "Online",
      "priority": "C",
      "date": "6/27/2017",
      "ship_date": "7/29/2017",
      "units_sold": 38,
      "unit_price": 152.58,
      "unit_cost": 97.44,
      "total_revenue": 5798.04,
      "total_cost": 3702.72,
      "total_profit": 2095.32,
      "links": {
        "self": "https://kata-espublicotech.g3stiona.com:443/v1/orders/d094482c-e07d-4cc4-bc7e-7861a65555db"
      }
    },
    {
      "uuid": "ef1fd88d-5210-4fe0-a04f-f34f32dbe76f",
      "id": "906181800",
      "region": "Europe",
      "country": "Belgium",
      "item_type": "Vegetables",
      "sales_channel": "Offline",
      "priority": "L",
      "date": "10/13/2014",
      "ship_date": "10/29/2014",
      "units_sold": 8187,
      "unit_price": 154.06,
      "unit_cost": 90.93,
      "total_revenue": 1261289.22,
      "total_cost": 744443.91,
      "total_profit": 516845.31,
      "links": {
        "self": "https://kata-espublicotech.g3stiona.com:443/v1/orders/ef1fd88d-5210-4fe0-a04f-f34f32dbe76f"
      }
    },
    {
      "uuid": "c396c224-023b-455a-8288-78ddab0031af",
      "id": "694908273",
      "region": "Sub-Saharan Africa",
      "country": "Cameroon",
      "item_type": "Meat",
      "sales_channel": "Offline",
      "priority": "C",
      "date": "11/16/2015",
      "ship_date": "1/2/2016",
      "units_sold": 7655,
      "unit_price": 421.89,
      "unit_cost": 364.69,
      "total_revenue": 3229567.95,
      "total_cost": 2791701.95,
      "total_profit": 437866.0,
      "links": {
        "self": "https://kata-espublicotech.g3stiona.com:443/v1/orders/c396c224-023b-455a-8288-78ddab0031af"
      }
    },
    {
      "uuid": "87012fde-cea3-407b-8997-345fb0dfe20b",
      "id": "265624797",
      "region": "Asia",
      "country": "Bhutan",
      "item_type": "Office Supplies",
      "sales_channel": "Online",
      "priority": "H",
      "date": "9/22/2015",
      "ship_date": "10/16/2015",
      "units_sold": 3135,
      "unit_price": 651.21,
      "unit_cost": 524.96,
      "total_revenue": 2041543.35,
      "total_cost": 1645749.6,
      "total_profit": 395793.75,
      "links": {
        "self": "https://kata-espublicotech.g3stiona.com:443/v1/orders/87012fde-cea3-407b-8997-345fb0dfe20b"
      }
    },
    {
      "uuid": "4d794240-1f33-407a-9b8e-d878a179bd0d",
      "id": "585567700",
      "region": "Europe",
      "country": "Georgia",
      "item_type": "Beverages",
      "sales_channel": "Online",
      "priority": "L",
      "date": "5/10/2010",
      "ship_date": "5/21/2010",
      "units_sold": 1350,
      "unit_price": 47.45,
      "unit_cost": 31.79,
      "total_revenue": 64057.5,
      "total_cost": 42916.5,
      "total_profit": 21141.0,
      "links": {
        "self": "https://kata-espublicotech.g3stiona.com:443/v1/orders/4d794240-1f33-407a-9b8e-d878a179bd0d"
      }
    },
    {
      "uuid": "97fdce3b-1005-46d9-abad-286a2d662bda",
      "id": "892285811",
      "region": "Middle East and North Africa",
      "country": "Lebanon",
      "item_type": "Baby Food",
      "sales_channel": "Online",
      "priority": "H",
      "date": "10/17/2015",
      "ship_date": "10/27/2015",
      "units_sold": 6055,
      "unit_price": 255.28,
      "unit_cost": 159.42,
      "total_revenue": 1545720.4,
      "total_cost": 965288.1,
      "total_profit": 580432.3,
      "links": {
        "self": "https://kata-espublicotech.g3stiona.com:443/v1/orders/97fdce3b-1005-46d9-abad-286a2d662bda"
      }
    },
    {
      "uuid": "fa40ab06-d7e7-40f8-9857-5cd17e39046c",
      "id": "943640458",
      "region": "Australia and Oceania",
      "country": "Kiribati",
      "item_type": "Cereal",
      "sales_channel": "Online",
      "priority": "L",
      "date": "4/4/2011",
      "ship_date": "5/12/2011",
      "units_sold": 3036,
      "unit_price": 205.7,
      "unit_cost": 117.11,
      "total_revenue": 624505.2,
      "total_cost": 355545.96,
      "total_profit": 268959.24,
      "links": {
        "self": "https://kata-espublicotech.g3stiona.com:443/v1/orders/fa40ab06-d7e7-40f8-9857-5cd17e39046c"
      }
    },
    {
      "uuid": "2104de9a-e4bc-463b-9459-d279e2725141",
      "id": "567805469",
      "region": "Europe",
      "country": "Croatia",
      "item_type": "Cosmetics",
      "sales_channel": "Online",
      "priority": "C",
      "date": "2/11/2011",
      "ship_date": "3/30/2011",
      "units_sold": 5111,
      "unit_price": 437.2,
      "unit_cost": 263.33,
      "total_revenue": 2234529.2,
      "total_cost": 1345879.63,
      "total_profit": 888649.57,
      "links": {
        "self": "https://kata-espublicotech.g3stiona.com:443/v1/orders/2104de9a-e4bc-463b-9459-d279e2725141"
      }
    },
    {
      "uuid": "aba9e7e0-643a-4e95-9de8-54061898d65c",
      "id": "113267171",
      "region": "Australia and Oceania",
      "country": "Vanuatu",
      "item_type": "Personal Care",
      "sales_channel": "Online",
      "priority": "H",
      "date": "8/26/2015",
      "ship_date": "8/30/2015",
      "units_sold": 7128,
      "unit_price": 81.73,
      "unit_cost": 56.67,
      "total_revenue": 582571.44,
      "total_cost": 403943.76,
      "total_profit": 178627.68,
      "links": {
        "self": "https://kata-espublicotech.g3stiona.com:443/v1/orders/aba9e7e0-643a-4e95-9de8-54061898d65c"
      }
    },
    {
      "uuid": "ef8e5752-6223-44d3-b0c1-a22c750a93f9",
      "id": "898824393",
      "region": "Asia",
      "country": "Cambodia",
      "item_type": "Cereal",
      "sales_channel": "Offline",
      "priority": "L",
      "date": "11/7/2014",
      "ship_date": "11/21/2014",
      "units_sold": 967,
      "unit_price": 205.7,
      "unit_cost": 117.11,
      "total_revenue": 198911.9,
      "total_cost": 113245.37,
      "total_profit": 85666.53,
      "links": {
        "self": "https://kata-espublicotech.g3stiona.com:443/v1/orders/ef8e5752-6223-44d3-b0c1-a22c750a93f9"
      }
    },
    {
      "uuid": "08dd7e4c-76fc-4244-9153-6d9b45eb7363",
      "id": "263588464",
      "region": "Europe",
      "country": "Czech Republic",
      "item_type": "Snacks",
      "sales_channel": "Online",
      "priority": "M",
      "date": "12/4/2014",
      "ship_date": "1/20/2015",
      "units_sold": 539,
      "unit_price": 152.58,
      "unit_cost": 97.44,
      "total_revenue": 82240.62,
      "total_cost": 52520.16,
      "total_profit": 29720.46,
      "links": {
        "self": "https://kata-espublicotech.g3stiona.com:443/v1/orders/08dd7e4c-76fc-4244-9153-6d9b45eb7363"
      }
    },
    {
      "uuid": "ec1eeac9-5030-4bd6-861d-f44cb0b8c66d",
      "id": "116983211",
      "region": "Middle East and North Africa",
      "country": "Somalia",
      "item_type": "Office Supplies",
      "sales_channel": "Offline",
      "priority": "C",
      "date": "10/10/2011",
      "ship_date": "10/18/2011",
      "units_sold": 6786,
      "unit_price": 651.21,
      "unit_cost": 524.96,
      "total_revenue": 4419111.06,
      "total_cost": 3562378.56,
      "total_profit": 856732.5,
      "links": {
        "self": "https://kata-espublicotech.g3stiona.com:443/v1/orders/ec1eeac9-5030-4bd6-861d-f44cb0b8c66d"
      }
    },
    {
      "uuid": "7e296efc-fc61-40b8-9cd9-82855e29a7c3",
      "id": "188744962",
      "region": "Australia and Oceania",
      "country": "Solomon Islands",
      "item_type": "Baby Food",
      "sales_channel": "Online",
      "priority": "M",
      "date": "7/6/2017",
      "ship_date": "7/24/2017",
      "units_sold": 2683,
      "unit_price": 255.28,
      "unit_cost": 159.42,
      "total_revenue": 684916.24,
      "total_cost": 427723.86,
      "total_profit": 257192.38,
      "links": {
        "self": "https://kata-espublicotech.g3stiona.com:443/v1/orders/7e296efc-fc61-40b8-9cd9-82855e29a7c3"
      }
    },
    {
      "uuid": "7a69252a-fed7-48e6-bdd8-81b5f659f016",
      "id": "278922545",
      "region": "Middle East and North Africa",
      "country": "Algeria",
      "item_type": "Snacks",
      "sales_channel": "Online",
      "priority": "M",
      "date": "4/2/2011",
      "ship_date": "5/7/2011",
      "units_sold": 8234,
      "unit_price": 152.58,
      "unit_cost": 97.44,
      "total_revenue": 1256343.72,
      "total_cost": 802320.96,
      "total_profit": 454022.76,
      "links": {
        "self": "https://kata-espublicotech.g3stiona.com:443/v1/orders/7a69252a-fed7-48e6-bdd8-81b5f659f016"
      }
    },
    {
      "uuid": "a37ed2ec-c7dc-480c-b6d5-f57ccbe2e047",
      "id": "707877290",
      "region": "Middle East and North Africa",
      "country": "Turkey",
      "item_type": "Baby Food",
      "sales_channel": "Online",
      "priority": "H",
      "date": "1/8/2011",
      "ship_date": "2/8/2011",
      "units_sold": 5475,
      "unit_price": 255.28,
      "unit_cost": 159.42,
      "total_revenue": 1397658.0,
      "total_cost": 872824.5,
      "total_profit": 524833.5,
      "links": {
        "self": "https://kata-espublicotech.g3stiona.com:443/v1/orders/a37ed2ec-c7dc-480c-b6d5-f57ccbe2e047"
      }
    },
    {
      "uuid": "ee994798-a7c0-4a61-b5df-4ea13691a6a7",
      "id": "966283023",
      "region": "Middle East and North Africa",
      "country": "Iraq",
      "item_type": "Personal Care",
      "sales_channel": "Offline",
      "priority": "H",
      "date": "12/26/2016",
      "ship_date": "1/10/2017",
      "units_sold": 3474,
      "unit_price": 81.73,
      "unit_cost": 56.67,
      "total_revenue": 283930.02,
      "total_cost": 196871.58,
      "total_profit": 87058.44,
      "links": {
        "self": "https://kata-espublicotech.g3stiona.com:443/v1/orders/ee994798-a7c0-4a61-b5df-4ea13691a6a7"
      }
    },
    {
      "uuid": "b3fa5fa0-7c88-4e31-b90d-c06ef6762404",
      "id": "165126073",
      "region": "Sub-Saharan Africa",
      "country": "Comoros",
      "item_type": "Office Supplies",
      "sales_channel": "Offline",
      "priority": "C",
      "date": "3/28/2015",
      "ship_date": "4/8/2015",
      "units_sold": 3329,
      "unit_price": 651.21,
      "unit_cost": 524.96,
      "total_revenue": 2167878.09,
      "total_cost": 1747591.84,
      "total_profit": 420286.25,
      "links": {
        "self": "https://kata-espublicotech.g3stiona.com:443/v1/orders/b3fa5fa0-7c88-4e31-b90d-c06ef6762404"
      }
    },
    {
      "uuid": "0e50d088-d19d-41bf-ba65-7753541fa85e",
      "id": "185705268",
      "region": "Asia",
      "country": "Bhutan",
      "item_type": "Personal Care",
      "sales_channel": "Offline",
      "priority": "M",
      "date": "11/8/2011",
      "ship_date": "12/8/2011",
      "units_sold": 3170,
      "unit_price": 81.73,
      "unit_cost": 56.67,
      "total_revenue": 259084.1,
      "total_cost": 179643.9,
      "total_profit": 79440.2,
      "links": {
        "self": "https://kata-espublicotech.g3stiona.com:443/v1/orders/0e50d088-d19d-41bf-ba65-7753541fa85e"
      }
    },
    {
      "uuid": "d85cf751-7192-4b36-85d8-819f0b4fb48e",
      "id": "729631936",
      "region": "Asia",
      "country": "Uzbekistan",
      "item_type": "Household",
      "sales_channel": "Offline",
      "priority": "H",
      "date": "12/25/2013",
      "ship_date": "2/11/2014",
      "units_sold": 3159,
      "unit_price": 668.27,
      "unit_cost": 502.54,
      "total_revenue": 2111064.93,
      "total_cost": 1587523.86,
      "total_profit": 523541.07,
      "links": {
        "self": "https://kata-espublicotech.g3stiona.com:443/v1/orders/d85cf751-7192-4b36-85d8-819f0b4fb48e"
      }
    },
    {
      "uuid": "c971614e-7156-4352-b216-4ffdf3c3a446",
      "id": "668829905",
      "region": "Central America and the Caribbean",
      "country": "Antigua and Barbuda ",
      "item_type": "Household",
      "sales_channel": "Online",
      "priority": "L",
      "date": "11/27/2010",
      "ship_date": "12/23/2010",
      "units_sold": 487,
      "unit_price": 668.27,
      "unit_cost": 502.54,
      "total_revenue": 325447.49,
      "total_cost": 244736.98,
      "total_profit": 80710.51,
      "links": {
        "self": "https://kata-espublicotech.g3stiona.com:443/v1/orders/c971614e-7156-4352-b216-4ffdf3c3a446"
      }
    },
    {
      "uuid": "a7530111-660f-487b-a195-6e23133099e1",
      "id": "295535504",
      "region": "Central America and the Caribbean",
      "country": "Dominican Republic",
      "item_type": "Baby Food",
      "sales_channel": "Offline",
      "priority": "H",
      "date": "9/8/2015",
      "ship_date": "10/19/2015",
      "units_sold": 4378,
      "unit_price": 255.28,
      "unit_cost": 159.42,
      "total_revenue": 1117615.84,
      "total_cost": 697940.76,
      "total_profit": 419675.08,
      "links": {
        "self": "https://kata-espublicotech.g3stiona.com:443/v1/orders/a7530111-660f-487b-a195-6e23133099e1"
      }
    },
    {
      "uuid": "181635b3-2b08-4734-b446-f10e9a3e1945",
      "id": "872297561",
      "region": "Australia and Oceania",
      "country": "Tuvalu",
      "item_type": "Office Supplies",
      "sales_channel": "Offline",
      "priority": "M",
      "date": "12/12/2015",
      "ship_date": "12/20/2015",
      "units_sold": 1087,
      "unit_price": 651.21,
      "unit_cost": 524.96,
      "total_revenue": 707865.27,
      "total_cost": 570631.52,
      "total_profit": 137233.75,
      "links": {
        "self": "https://kata-espublicotech.g3stiona.com:443/v1/orders/181635b3-2b08-4734-b446-f10e9a3e1945"
      }
    },
    {
      "uuid": "97e47ecf-701b-4542-b8bb-c0af6c174963",
      "id": "581977403",
      "region": "Europe",
      "country": "Iceland",
      "item_type": "Fruits",
      "sales_channel": "Offline",
      "priority": "H",
      "date": "7/11/2015",
      "ship_date": "7/16/2015",
      "units_sold": 8901,
      "unit_price": 9.33,
      "unit_cost": 6.92,
      "total_revenue": 83046.33,
      "total_cost": 61594.92,
      "total_profit": 21451.41,
      "links": {
        "self": "https://kata-espublicotech.g3stiona.com:443/v1/orders/97e47ecf-701b-4542-b8bb-c0af6c174963"
      }
    },
    {
      "uuid": "e43f8e04-c865-4d36-b2b8-6a53f6699c49",
      "id": "377748858",
      "region": "Sub-Saharan Africa",
      "country": "Gabon",
      "item_type": "Cereal",
      "sales_channel": "Offline",
      "priority": "M",
      "date": "7/14/2015",
      "ship_date": "8/31/2015",
      "units_sold": 3136,
      "unit_price": 205.7,
      "unit_cost": 117.11,
      "total_revenue": 645075.2,
      "total_cost": 367256.96,
      "total_profit": 277818.24,
      "links": {
        "self": "https://kata-espublicotech.g3stiona.com:443/v1/orders/e43f8e04-c865-4d36-b2b8-6a53f6699c49"
      }
    },
    {
      "uuid": "1a66e481-62ec-477a-81db-ee3d97425021",
      "id": "833098256",
      "region": "Asia",
      "country": "Indonesia",
      "item_type": "Baby Food",
      "sales_channel": "Offline",
      "priority": "H",
      "date": "7/29/2010",
      "ship_date": "8/13/2010",
      "units_sold": 1142,
      "unit_price": 255.28,
      "unit_cost": 159.42,
      "total_revenue": 291529.76,
      "total_cost": 182057.64,
      "total_profit": 109472.12,
      "links": {
        "self": "https://kata-espublicotech.g3stiona.com:443/v1/orders/1a66e481-62ec-477a-81db-ee3d97425021"
      }
    },
    {
      "uuid": "9f240e41-dcea-44fe-9951-b104f7902e4e",
      "id": "791824424",
      "region": "Europe",
      "country": "Switzerland",
      "item_type": "Personal Care",
      "sales_channel": "Online",
      "priority": "H",
      "date": "4/2/2015",
      "ship_date": "4/28/2015",
      "units_sold": 7298,
      "unit_price": 81.73,
      "unit_cost": 56.67,
      "total_revenue": 596465.54,
      "total_cost": 413577.66,
      "total_profit": 182887.88,
      "links": {
        "self": "https://kata-espublicotech.g3stiona.com:443/v1/orders/9f240e41-dcea-44fe-9951-b104f7902e4e"
      }
    },
    {
      "uuid": "9bb1497a-604b-425d-bf1c-a732ac2e82fb",
      "id": "518038690",
      "region": "Europe",
      "country": "Hungary",
      "item_type": "Snacks",
      "sales_channel": "Online",
      "priority": "M",
      "date": "12/10/2014",
      "ship_date": "12/21/2014",
      "units_sold": 8015,
      "unit_price": 152.58,
      "unit_cost": 97.44,
      "total_revenue": 1222928.7,
      "total_cost": 780981.6,
      "total_profit": 441947.1,
      "links": {
        "self": "https://kata-espublicotech.g3stiona.com:443/v1/orders/9bb1497a-604b-425d-bf1c-a732ac2e82fb"
      }
    },
    {
      "uuid": "91328201-bcff-4548-a76e-24b72d6dba23",
      "id": "346164882",
      "region": "Middle East and North Africa",
      "country": "Jordan",
      "item_type": "Beverages",
      "sales_channel": "Offline",
      "priority": "M",
      "date": "1/6/2015",
      "ship_date": "2/14/2015",
      "units_sold": 6736,
      "unit_price": 47.45,
      "unit_cost": 31.79,
      "total_revenue": 319623.2,
      "total_cost": 214137.44,
      "total_profit": 105485.76,
      "links": {
        "self": "https://kata-espublicotech.g3stiona.com:443/v1/orders/91328201-bcff-4548-a76e-24b72d6dba23"
      }
    },
    {
      "uuid": "f68232d4-65fb-46b3-9a51-87dd2d87a235",
      "id": "230939328",
      "region": "Europe",
      "country": "Montenegro",
      "item_type": "Clothes",
      "sales_channel": "Online",
      "priority": "C",
      "date": "5/4/2014",
      "ship_date": "6/16/2014",
      "units_sold": 8934,
      "unit_price": 109.28,
      "unit_cost": 35.84,
      "total_revenue": 976307.52,
      "total_cost": 320194.56,
      "total_profit": 656112.96,
      "links": {
        "self": "https://kata-espublicotech.g3stiona.com:443/v1/orders/f68232d4-65fb-46b3-9a51-87dd2d87a235"
      }
    },
    {
      "uuid": "86e2e143-668b-4d09-a175-7e4c8209068f",
      "id": "197410857",
      "region": "Australia and Oceania",
      "country": "Papua New Guinea",
      "item_type": "Office Supplies",
      "sales_channel": "Offline",
      "priority": "C",
      "date": "8/17/2016",
      "ship_date": "9/29/2016",
      "units_sold": 7114,
      "unit_price": 651.21,
      "unit_cost": 524.96,
      "total_revenue": 4632707.94,
      "total_cost": 3734565.44,
      "total_profit": 898142.5,
      "links": {
        "self": "https://kata-espublicotech.g3stiona.com:443/v1/orders/86e2e143-668b-4d09-a175-7e4c8209068f"
      }
    },
    {
      "uuid": "136c5f45-b461-4e89-bb08-fbfcd4b658c4",
      "id": "790940797",
      "region": "North America",
      "country": "Greenland",
      "item_type": "Household",
      "sales_channel": "Offline",
      "priority": "C",
      "date": "7/8/2011",
      "ship_date": "8/1/2011",
      "units_sold": 5813,
      "unit_price": 668.27,
      "unit_cost": 502.54,
      "total_revenue": 3884653.51,
      "total_cost": 2921265.02,
      "total_profit": 963388.49,
      "links": {
        "self": "https://kata-espublicotech.g3stiona.com:443/v1/orders/136c5f45-b461-4e89-bb08-fbfcd4b658c4"
      }
    },
    {
      "uuid": "eed96ad0-0620-45c0-acd6-e934acf97d71",
      "id": "827202975",
      "region": "Europe",
      "country": "Andorra",
      "item_type": "Office Supplies",
      "sales_channel": "Online",
      "priority": "C",
      "date": "3/19/2016",
      "ship_date": "3/26/2016",
      "units_sold": 6598,
      "unit_price": 651.21,
      "unit_cost": 524.96,
      "total_revenue": 4296683.58,
      "total_cost": 3463686.08,
      "total_profit": 832997.5,
      "links": {
        "self": "https://kata-espublicotech.g3stiona.com:443/v1/orders/eed96ad0-0620-45c0-acd6-e934acf97d71"
      }
    },
    {
      "uuid": "e82a42c8-19c6-4a2a-a70a-30bbf5f8ccbd",
      "id": "542183721",
      "region": "Middle East and North Africa",
      "country": "Oman",
      "item_type": "Fruits",
      "sales_channel": "Online",
      "priority": "H",
      "date": "2/14/2011",
      "ship_date": "3/16/2011",
      "units_sold": 3066,
      "unit_price": 9.33,
      "unit_cost": 6.92,
      "total_revenue": 28605.78,
      "total_cost": 21216.72,
      "total_profit": 7389.06,
      "links": {
        "self": "https://kata-espublicotech.g3stiona.com:443/v1/orders/e82a42c8-19c6-4a2a-a70a-30bbf5f8ccbd"
      }
    },
    {
      "uuid": "2b05078d-6b5c-4db4-8f7a-4bd0a4d6dd0d",
      "id": "242181861",
      "region": "Sub-Saharan Africa",
      "country": "Kenya",
      "item_type": "Baby Food",
      "sales_channel": "Online",
      "priority": "H",
      "date": "10/17/2011",
      "ship_date": "11/1/2011",
      "units_sold": 5849,
      "unit_price": 255.28,
      "unit_cost": 159.42,
      "total_revenue": 1493132.72,
      "total_cost": 932447.58,
      "total_profit": 560685.14,
      "links": {
        "self": "https://kata-espublicotech.g3stiona.com:443/v1/orders/2b05078d-6b5c-4db4-8f7a-4bd0a4d6dd0d"
      }
    },
    {
      "uuid": "e97efd4c-13be-477e-a588-752ff42a362d",
      "id": "753808724",
      "region": "Europe",
      "country": "Andorra",
      "item_type": "Beverages",
      "sales_channel": "Online",
      "priority": "L",
      "date": "2/13/2012",
      "ship_date": "2/13/2012",
      "units_sold": 7608,
      "unit_price": 47.45,
      "unit_cost": 31.79,
      "total_revenue": 360999.6,
      "total_cost": 241858.32,
      "total_profit": 119141.28,
      "links": {
        "self": "https://kata-espublicotech.g3stiona.com:443/v1/orders/e97efd4c-13be-477e-a588-752ff42a362d"
      }
    },
    {
      "uuid": "f63b1198-e723-4658-8d1a-7febcaa48e16",
      "id": "273988139",
      "region": "Europe",
      "country": "Luxembourg",
      "item_type": "Snacks",
      "sales_channel": "Offline",
      "priority": "L",
      "date": "11/6/2010",
      "ship_date": "11/16/2010",
      "units_sold": 8034,
      "unit_price": 152.58,
      "unit_cost": 97.44,
      "total_revenue": 1225827.72,
      "total_cost": 782832.96,
      "total_profit": 442994.76,
      "links": {
        "self": "https://kata-espublicotech.g3stiona.com:443/v1/orders/f63b1198-e723-4658-8d1a-7febcaa48e16"
      }
    },
    {
      "uuid": "a6e0fc50-312f-4351-9803-8fbad7b035f9",
      "id": "219956433",
      "region": "Sub-Saharan Africa",
      "country": "Guinea-Bissau",
      "item_type": "Beverages",
      "sales_channel": "Online",
      "priority": "H",
      "date": "5/14/2015",
      "ship_date": "6/18/2015",
      "units_sold": 8851,
      "unit_price": 47.45,
      "unit_cost": 31.79,
      "total_revenue": 419979.95,
      "total_cost": 281373.29,
      "total_profit": 138606.66,
      "links": {
        "self": "https://kata-espublicotech.g3stiona.com:443/v1/orders/a6e0fc50-312f-4351-9803-8fbad7b035f9"
      }
    },
    {
      "uuid": "87637b10-8b31-47f8-ba3e-e4fce598c009",
      "id": "279262435",
      "region": "Europe",
      "country": "Finland",
      "item_type": "Personal Care",
      "sales_channel": "Offline",
      "priority": "L",
      "date": "3/9/2015",
      "ship_date": "3/10/2015",
      "units_sold": 8815,
      "unit_price": 81.73,
      "unit_cost": 56.67,
      "total_revenue": 720449.95,
      "total_cost": 499546.05,
      "total_profit": 220903.9,
      "links": {
        "self": "https://kata-espublicotech.g3stiona.com:443/v1/orders/87637b10-8b31-47f8-ba3e-e4fce598c009"
      }
    },
    {
      "uuid": "68e43ec1-7b28-4026-ac4c-672e0dd4aa3e",
      "id": "659767472",
      "region": "Asia",
      "country": "Bangladesh",
      "item_type": "Beverages",
      "sales_channel": "Offline",
      "priority": "L",
      "date": "1/14/2016",
      "ship_date": "3/3/2016",
      "units_sold": 8711,
      "unit_price": 47.45,
      "unit_cost": 31.79,
      "total_revenue": 413336.95,
      "total_cost": 276922.69,
      "total_profit": 136414.26,
      "links": {
        "self": "https://kata-espublicotech.g3stiona.com:443/v1/orders/68e43ec1-7b28-4026-ac4c-672e0dd4aa3e"
      }
    },
    {
      "uuid": "41951d9c-0e79-4397-a7e5-d1eb756237b1",
      "id": "739645373",
      "region": "Asia",
      "country": "Bangladesh",
      "item_type": "Office Supplies",
      "sales_channel": "Offline",
      "priority": "L",
      "date": "5/9/2013",
      "ship_date": "5/15/2013",
      "units_sold": 6357,
      "unit_price": 651.21,
      "unit_cost": 524.96,
      "total_revenue": 4139741.97,
      "total_cost": 3337170.72,
      "total_profit": 802571.25,
      "links": {
        "self": "https://kata-espublicotech.g3stiona.com:443/v1/orders/41951d9c-0e79-4397-a7e5-d1eb756237b1"
      }
    },
    {
      "uuid": "351291a0-877f-491b-9e98-3db165fb277f",
      "id": "417382466",
      "region": "Europe",
      "country": "Switzerland",
      "item_type": "Snacks",
      "sales_channel": "Online",
      "priority": "H",
      "date": "3/17/2011",
      "ship_date": "4/2/2011",
      "units_sold": 1602,
      "unit_price": 152.58,
      "unit_cost": 97.44,
      "total_revenue": 244433.16,
      "total_cost": 156098.88,
      "total_profit": 88334.28,
      "links": {
        "self": "https://kata-espublicotech.g3stiona.com:443/v1/orders/351291a0-877f-491b-9e98-3db165fb277f"
      }
    }
  ],
  "links": {
    "next": "http://127.0.0.1:8089/v1/orders?page=3&max-per-page=500",
    "prev": "https://kata-espublicotech.g3stiona.com:443/v1/orders?page=1&max-per-page=100",
    "self": "https://kata-espublicotech.g3stiona.com:443/v1/orders?page=2&max-per-page=100"
  }
}
